3225 5200
683 438 723 500 49

245 612 320 678 δόθ’
343 613 383 686 (ὃς
405 617 637 696 περιπτυχαῖσι
658 615 698 698 δή

245 723 338 797 χέρας
359 704 610 796 προσαρμόσασ’
631 716 719 795 ἐμοῖς

155 865 158 871 .
245 817 280 877 ἐν
302 815 422 894 αἷγκῶσι
442 824 539 877 τέκνα
561 800 673 896 θῶμαι

119 913 287 978 concludas
310 913 378 977 illas
401 914 490 992 longe
511 933 530 978 a
551 914 710 978 funeribus
735 915 853 979 distare
875 934 1082 999 pompamque
1103 918 1133 979 in
1158 916 1277 997 logeum

119 1012 280 1078 inductam
312 1031 380 1077 esse
409 1014 491 1093 quod
514 1014 762 1079 Schoenbornius
785 1014 884 1079 voluit
907 1015 940 1098 (l.
963 1016 982 1079 l.
1001 1037 1033 1098 p.
1045 1015 1129 1097 187).
1168 1015 1278 1107 Neque

119 1112 202 1177 enim
226 1113 353 1177 Adrasti
375 1114 486 1177 verba:

247 1213 287 1276 ἴτ’
308 1204 335 1276 ὦ
353 1213 503 1276 ια’λαιιαι
520 1222 652 1295 μητέρες
672 1223 791 1278 aaaron
813 1214 913 1289 πέλας
931 1217 973 1296 (v.
988 1214 1065 1296 943)

120 1317 232 1376 contra
256 1332 313 1377 nos
334 1319 526 1396 repugnant,
555 1314 668 1393 quibus
690 1313 720 1377 id
743 1321 867 1377 tantum
890 1315 1012 1378 dicatur
1035 1315 1186 1378 matribus
1208 1332 1280 1395 pro-

120 1411 192 1492 pius
207 1412 246 1474 ad
262 1412 378 1492 funera,
401 1431 480 1493 quae
499 1415 560 1477 iam
579 1419 672 1481 antea
685 1413 828 1495 amplecti
844 1415 1111 1495 concupiscebant,
1135 1413 1279 1478 accedere

120 1510 223 1573 licere.
266 1512 382 1594 Nempe
415 1514 445 1576 in
483 1513 585 1595 ampla
618 1513 776 1578 orchestra
814 1515 891 1579 satis
924 1516 1016 1596 spatii
1045 1515 1119 1594 fnit,
1148 1521 1185 1577 ut
1212 1514 1279 1594 ipsa

121 1627 234 1690 pompa
270 1610 401 1693 quodam
436 1611 603 1676 intervallo
639 1612 678 1676 ab
715 1613 774 1676 illis
814 1613 954 1677 distaret.
1003 1612 1089 1677 Neve
1122 1613 1279 1692 neglegas,

122 1710 206 1789 quod
233 1716 423 1775 mortuorum
445 1730 577 1792 corpora
599 1712 774 1791 tegimentis
797 1712 901 1777 velata
910 1715 933 1792 ¹)
953 1711 1140 1790 inferuntur,
1166 1720 1201 1775 ut
1219 1713 1279 1775 sin·

122 1808 214 1888 gulae
242 1814 357 1873 matrcs
387 1829 459 1875 suos
488 1811 569 1876 filios
599 1830 766 1892 agnoscere
793 1830 855 1876 non
883 1813 1012 1894 possint,
1042 1812 1101 1875 nisi
1123 1813 1280 1892 proximae

121 1909 287 1973 adstantes
328 1910 494 1989 tegimenta
530 1912 745 1991 detrahantll.
788 1912 887 1992 Quod,
924 1931 961 1976 ne
997 1912 1185 1975 recentiores
1221 1910 1281 1975 illis

33 2002 37 2009 '
121 2008 221 2072 addat
249 2008 405 2088 tristitias,
437 2009 571 2075 Theseus
600 2012 758 2075 interdicit
787 2013 910 2093 (vall
929 2011 1028 2094 sqq),
1062 2012 1114 2090 qui
1143 2010 1281 2090 Capanei

121 2127 234 2188 corpus
265 2110 295 2172 in
326 2110 458 2191 logeum,
489 2119 593 2175 cetera
622 2131 678 2193 per
707 2113 849 2177 dextram
879 2113 1026 2194 parodnm
1056 2130 1092 2176 en
1124 2112 1281 2195 orchestra

121 2210 281 2289 portanda
311 2217 415 2291 curat3
444 2210 502 2275 hac
535 2214 583 2275 via
612 2216 733 2276 alliil
762 2213 851 2293 pueri
882 2231 947 2277 cum
977 2212 1121 2277 crematis
1152 2211 1281 2275 heroum

121 2308 243 2372 ossibus
265 2308 304 2371 ad
327 2310 450 2373 chorum
471 2311 647 2390 redeunti).

205 2416 252 2479 De
282 2416 450 2481 Alcestis
478 2437 590 2501 pompa
621 2419 741 2483 funebri
768 2419 909 2484 conferas
936 2437 1016 2500 quae
1043 2419 1074 2482 in
1095 2436 1167 2501 pag.
1192 2422 1281 2494 38l39

120 2517 293 2581 attulimus.
804 2513 806 2517 ’

174 2606 179 2612 ’
205 2617 275 2681 Alia
299 2636 421 2699 quoque
450 2618 591 2701 exempla
620 2619 818 2683 inveniuntur
847 2618 959 2699 quibus
982 2618 1145 2682 histriones
1167 2618 1197 2681 in
1221 2617 1281 2687 lec·

120 2719 228 2783 ticulis
238 2719 460 2798 impor·tantur;
470 2724 565 2798 atque
579 2737 632 2783 eas
645 2737 699 2798 per
713 2719 902 2783 orchestram
912 2719 1056 2783 inducere
1066 2718 1205 2799 equidem
1218 2735 1280 2780 nou

121 2818 246 2896 dubito,
274 2837 341 2883 cnm
375 2836 574 2881 versurarnm
606 2818 718 2881 itinera
736 2837 846 2900 parum
869 2818 1045 2882 commodos
1066 2818 1170 2882 aditus
1193 2834 1281 2897 prae·

120 2916 247 2980 buerint
276 2922 370 2998 atque
399 2917 489 2981 istius
523 2917 605 2980 modi
634 2919 824 2997 gestationes
853 2937 973 2998 semper
998 2917 1063 2981 lere
1090 2934 1200 2995 magna
1228 2915 1281 2979 ho-

122 3016 242 3079 miuum
267 3017 360 3079 turba
377 3024 593 3097 consequatur.
636 3018 670 3080 ln
694 3018 962 3081 transitutantum
979 3018 1169 3095 attingamus
1193 3015 1280 3078 Tra·

121 3114 405 3179 chinianarum
431 3135 552 3181 versum
574 3118 635 3181 964
656 3136 718 3197 quo
740 3117 915 3197 Herculem,
947 3136 1037 3198 quem
1058 3117 1145 3180 multi
1168 3133 1280 3195 sequn-

118 3221 175 3278 tur
198 3217 326 3279 comites
348 3218 428 3279 inter
449 3236 526 3298 quos
548 3216 660 3297 Hyllus
679 3215 761 3279 filius
783 3223 816 3279 et
842 3234 936 3280 senex
958 3216 1101 3298 quidam,
1123 3216 1153 3277 in
1175 3213 1281 3277 orche-

119 3320 224 3379 stram
245 3335 301 3397 per
317 3317 474 3380 sinistram
489 3317 640 3398 paredum
656 3321 816 3398 gestatum
832 3315 928 3380 fuisse
943 3319 1004 3379 iam
1025 3334 1061 3378 eo
1080 3320 1177 3394 patet,
1198 3312 1279 3394 qnod

120 3416 189 3495 ipse
218 3415 368 3479 Hercules
395 3417 434 3479 ad
459 3416 582 3480 donrum
613 3434 701 3480 suam
731 3433 935 3496 scaenamque
963 3414 1123 3494 apportari
1146 3430 1207 3476 non
1230 3412 1281 3475 de·

192 3661 218 3726 1)
238 3659 270 3713 cl.
291 3660 381 3712 nuntii
400 3662 434 3715 de
453 3662 556 3716 Theseo
574 3660 658 3715 verba
673 3677 743 3728 quae
762 3662 796 3714 ad
823 3662 920 3714 funera
938 3662 1076 3731 spectant:

314 3747 441 3817 κιῖιιτρωιι
462 3749 486 3813 γ’
505 3749 578 3807 ellade
597 3749 722 3808 udurrlr'uu
742 3748 847 3809 σώματα
864 3750 898 3814 (v.
910 3748 978 3815 770).

192 3832 218 3897 2)
245 3832 357 3885 eandem
386 3835 442 3887 l'ere
472 3834 588 3902 speciem
613 3834 884 3887 Trachiniarum
911 3852 934 3885 v.
959 3834 1023 3886 loto
1048 3850 1105 3900 sqq.
1137 3831 1279 3902 praebent,

121 3934 176 3983 quo
195 3916 255 3970 loco
274 3918 403 3972 Hercules
425 3919 547 3989 llyllum,
576 3937 655 3986 quem
676 3938 729 3974 una
755 3936 817 3973 oum
837 3924 914 3988 patre
932 3918 1082 3987 ingressum
1100 3918 1182 3971 fuisse
1201 3935 1280 3971 nemo

120 4003 244 4073 negabit,
258 4005 368 4072 propius
382 4006 508 4059 accedere
526 4006 611 4070 iubet,
629 4009 662 4059 ut
681 4012 705 4058 dr
723 4008 893 4067 καλυμμάτων
910 4005 1029 4075 corporis
1046 4005 1159 4059 vulnera
1180 4005 1278 4058 videat.

193 4091 220 4159 3)
239 4091 453 4160 Geppertius
472 4111 497 4160 p.
510 4095 540 4146 41
567 4110 625 4160 sqq.
651 4109 778 4161 pompam
803 4092 912 4159 quidem
935 4093 963 4144 in
981 4091 1147 4144 orchestram
1165 4090 1279 4156 inducit,

10 4231 11 4234 ,
121 4177 170 4230 sed
195 4178 306 4231 chorum
332 4178 361 4230 in
386 4195 484 4232 scaeua
511 4182 663 4233 versantem
688 4180 785 4248 fingit,
818 4180 892 4248 quod
923 4180 1020 4232 falsum
1052 4195 1109 4232 csse
1133 4197 1215 4247 supra
1240 4179 1280 4246 (in

10 4287 12 4322 r
121 4281 185 4332 pag.
203 4265 247 4334 33)
268 4265 391 4318 vidimus.

220 4388 377 4436 (Harzmann).
1119 4370 1136 4421 4
