3225 5200
906 469 926 531 8

415 647 479 709 lam
495 643 884 726 concedesDoerpleldiom
898 663 959 709 non
971 663 1110 725 scaenae,
1127 643 1180 707 sed
1195 643 1391 725 hyposcaenii
1408 644 1491 723 quod

335 745 442 809 Pollux
466 751 557 808 vocat
573 744 703 809 frontem
727 744 892 823 detexisse,
911 763 1011 827 neque
1030 744 1134 808 adbuc
1147 763 1271 808 causam
1288 762 1366 822 esse,
1387 762 1442 808 cor
1461 744 1492 807 in

334 838 424 923 lugeo
439 842 608 907 histriones
625 850 731 924 partes
747 845 846 923 egisse
866 845 1064 925 denegemus.
1107 846 1208 926 Atque
1224 844 1300 907 talia
1314 843 1402 922 logea
1417 862 1493 907 uon·

334 944 438 1008 nullae
450 962 594 1008 vasorum
607 944 749 1025 picturae
758 945 784 1023 ¹)
799 943 945 1009 exhibent
959 944 1090 1025 depicta,
1108 963 1238 1026 quarum
1249 961 1365 1025 paucae
1374 944 1494 1024 pulpita

335 1043 488 1123 praebent
515 1061 611 1124 supra
639 1043 760 1123 ligneas
782 1043 890 1108 trabes
912 1050 1071 1108 exstructa
1084 1046 1118 1124 ²),
1140 1044 1219 1107 aliae
1238 1043 1358 1108 frontes
1379 1048 1494 1123 gerunt

335 1143 483 1208 columnis
514 1142 623 1206 aliisve
655 1145 845 1208 ornamentis
874 1149 1045 1208 exornatas
1056 1142 1092 1225 ⁸).
1135 1144 1242 1222 Neque
1272 1144 1386 1208 desunt
1414 1161 1494 1226 quae

337 1241 437 1306 scalas
473 1241 543 1305 illas
577 1242 789 1307 demonstrent
820 1243 947 1324 pulpitis
976 1244 1145 1323 appositas,
1174 1242 1284 1326 quales
1313 1241 1433 1321 ligneas
1458 1259 1495 1305 ac

336 1342 463 1405 mobiles
479 1340 576 1406 fuisse
588 1342 673 1422 ipsae
684 1342 826 1422 picturae
843 1343 920 1406 satis
942 1343 1143 1422 comprobant
1152 1343 1192 1424 ⁴),
1215 1342 1348 1406 utnobis
1370 1340 1495 1424 quidem

337 1459 399 1505 non
420 1441 595 1505 mirandum
620 1442 775 1520 videatur,
795 1442 876 1522 quod
889 1441 1105 1523 Doerpleldius
1127 1444 1260 1523 vestigia
1279 1461 1386 1506 earum
1409 1442 1496 1506 nulla

337 1542 499 1605 invenerit.

417 1665 505 1742 Quae
525 1685 593 1731 oum
619 1667 664 1730 ita
688 1668 761 1746 sint,
783 1666 814 1729 id
837 1684 930 1730 unum
953 1684 991 1729 ex
1010 1665 1197 1747 Doerpfeldii
1220 1668 1354 1731 inventis
1375 1668 1496 1733 conclu-

339 1765 447 1829 damus
469 1771 664 1847 necesseest,
685 1767 820 1831 Graecos
843 1785 898 1847 per
918 1766 1043 1846 longum
1063 1766 1294 1846 tempusligneo
1315 1785 1386 1831 usos
1400 1766 1497 1832 fuisse

340 1880 468 1928 scaenae
492 1866 621 1946 pulpito,
641 1872 736 1946 atque
752 1865 977 1946 posterioribus
995 1865 1115 1929 demum
1135 1866 1323 1946 temporibus
1344 1867 1497 1948 lapideam

339 1964 480 2045 posuisse
511 1965 772 2030 substructionem
801 1966 932 2045 eiusque
954 1965 1088 2028 frontem
1110 1966 1299 2029 ornamentis
1322 1966 1497 2044 decorasse,

340 2065 445 2145 qualia
475 2065 506 2127 in
538 2066 723 2145 Epidaurico
746 2072 779 2129 et
807 2064 905 2145 Oropi
927 2065 1051 2129 theatro
1073 2067 1221 2129 novimus
1265 2066 1328 2129 Nec
1351 2067 1498 2128 miremur

340 2183 405 2228 rem
433 2165 478 2227 ita
507 2181 539 2228 se
570 2163 722 2246 babuisse,
754 2182 824 2229 cum
846 2184 906 2228 non
922 2165 1095 2229 inconsulto
1120 2163 1309 2229 Graecorum
1332 2163 1497 2228 histriones

341 2265 373 2327 in
405 2263 507 2343 ligneo
535 2271 735 2330 versarentur
763 2265 862 2345 logeo,
890 2282 951 2346 quo
979 2271 1084 2345 pacto¹
1100 2282 1195 2328 sonus
1218 2263 1380 2328 verborum
1403 2263 1498 2328 altius

342 2368 511 2444 augeretur
532 2382 623 2444 qnam
645 2365 672 2427 si
695 2382 850 2443 scaenam,
873 2371 909 2428 ut
930 2382 1066 2443 caveam,
1082 2363 1238 2444 lapidibus
1261 2365 1498 2427 exstruxissent.

342 2462 435 2539 Quod
458 2467 494 2526 ut
516 2463 572 2526 tibi
591 2465 728 2543 probem,
746 2464 878 2527 Vitruvii
892 2464 1102 2528 testimonium
1124 2462 1250 2527 afferam
1268 2462 1327 2528 hoc
1348 2462 1401 2545 (V,
1412 2469 1440 2543 5,
1452 2460 1499 2544 ll:

345 2563 478 2648 ...quod
486 2565 591 2628 amula
597 2564 728 2649 publica
741 2565 977 2647 liqueatlaealra
988 2565 1196 2630 tabulationes
1204 2563 1317 2629 habeut
1325 2566 1500 2646 complures

343 2683 423 2743 quas
440 2683 563 2728 uacasse
585 2672 631 2729 est
652 2685 775 2730 souare.
819 2666 875 2730 hoc
896 2687 966 2730 aera
989 2668 1059 2730 lieet
1077 2666 1326 2730 animaduertere
1345 2666 1440 2730 etlam
1461 2664 1500 2728 ab

343 2762 544 2843 citharoedis,
576 2766 631 2845 qui
658 2767 821 2849 superlore
848 2774 919 2830 toua
948 2788 1017 2830 oum
1039 2765 1146 2829 uoluat
1166 2787 1286 2844 cauere,
1302 2770 1448 2828 aoerluul
1468 2784 1502 2828 se

344 2863 387 2926 acl
409 2882 542 2927 scaenae
561 2867 672 2929 ualuas
694 2873 722 2929 et
740 2867 787 2929 lia
817 2867 973 2948 recipiunt
995 2867 1034 2930 ab
1055 2887 1165 2930 aarum
1184 2866 1307 2929 auxillo
1327 2884 1502 2929 cousouau-

345 2963 423 3026 claua
444 2965 534 3027 uocis.
568 2984 637 3027 auur
650 2970 755 3030 aulem
772 2986 811 3029 eu
832 2966 983 3032 solidibus
1003 2966 1095 3030 rebus
1110 2966 1233 3030 theatra
1256 2965 1500 3043 constituuntur,
1595 3031 1596 3040 ,

345 3063 442 3126 idest
465 3083 501 3127 eu
521 3071 684 3129 structura
706 3072 946 3146 caementorum,
960 3067 1075 3149 lapide,
1097 3086 1264 3143 marmore,
1285 3085 1365 3146 quae
1386 3083 1502 3128 souare
1595 3049 1596 3080 ³

415 3259 443 3324 1)
462 3257 584 3312 invenies
615 3259 644 3312 in
670 3260 920 3316 Baumeisleri
950 3278 1101 3315 monum.
1136 3280 1156 3314 s.
1181 3277 1228 3314 vv.
1257 3256 1442 3326 Lustspiel
1470 3259 1505 3311 et

346 3342 807 3415 Theatervorstallungen,
860 3348 892 3402 de
941 3348 1040 3415 quibus
1090 3348 1264 3402 Erneslus
1313 3342 1504 3398 Reischius
1595 3393 1596 3408 ,

348 3428 486 3493 (uentrem.
503 3431 547 3483 uu
565 3431 719 3486 osterreich.
735 3432 834 3501 aymo.
852 3433 996 3488 xxxviia
1015 3434 1123 3503 1ssup.
1141 3435 1201 3502 auu
1221 3434 1288 3487 naec
1302 3430 1423 3501 scupea:
1595 3411 1596 3448 ⁷

349 3514 434 3568 »dena
453 3531 528 3569 weuu
541 3519 611 3570 aucis
624 3517 667 3570 dic
679 3520 883 3588 uuaueu‘elbast
893 3522 1000 3575 hierber
1009 3520 1358 3589 pebdreudenMouumaute
1370 3522 1503 3587 prdssteu-

348 3602 408 3655 tells
431 3603 652 3657 auterilallscbeu
670 3603 808 3659 Fabrlbea
832 3607 888 3660 uad
914 3608 986 3661 einer
996 3609 1129 3678 juuperen
1147 3607 1259 3675 aponus
1277 3605 1349 3669 (dem
1365 3605 1389 3657 3.
1406 3601 1503 3654 Jahrb.

350 3704 374 3741 v.
393 3686 466 3754 chr.)
496 3690 659 3757 aupebdreu,
688 3707 718 3744 so
736 3693 820 3760 peluem
843 3693 883 3746 sic
904 3692 973 3748 doch
998 3694 1054 3761 auf
1072 3693 1236 3763 priecblsabe
1258 3687 1507 3744 Buhueuzustdude
1595 3681 1596 3686 ’

349 3775 448 3826 auribell
473 3774 530 3827 aud
556 3775 619 3829 siud
636 3775 722 3830 daber
736 3779 788 3845 fu'r
805 3778 850 3832 dle
865 3779 1147 3848 Veranscbauliobuup
1165 3778 1300 3832 darselbau
1317 3790 1370 3828 oou
1386 3778 1507 3843 praester
1595 3807 1596 3814 ,

350 3858 533 3929 Bedeulurw
567 3862 725 3930 Complures
744 3863 865 3932 picturas
893 3865 1005 3920 exhibet
1024 3865 1238 3919 Wieselerus
1256 3880 1376 3916 monum.
1391 3857 1506 3913 scaenic.

350 3944 438 3999 tabul.
456 3944 505 4010 ΙΙΙ,
525 3946 565 3999 18.
585 3947 631 4012 IX,
651 3948 760 4004 13-15.
779 3951 828 4015 XI,
845 3953 869 4004 2.

419 4032 447 4099 2)
464 4033 496 4085 cl'.
516 4033 683 4088 Baumstr.
701 4036 720 4089 1.
738 4038 756 4090 1.
776 4036 825 4102 ΙΙΙ,
843 4056 868 4107 p.
891 4040 954 4092 1751
976 4042 1004 4093 el
1019 4040 1060 4092 52,

419 4118 446 4185 3)
465 4119 498 4171 cf.
518 4119 683 4175 Rarrmstr.
702 4123 719 4175 1.
739 4122 756 4177 l.
776 4123 826 4186 Ill,
844 4144 871 4194 p.
891 4123 956 4179 1753
974 4129 1003 4179 el
1021 4127 1062 4179 51.

419 4203 447 4274 4)
468 4205 501 4259 cf.
520 4205 689 4261 Baumslr.
707 4207 727 4261 1.
746 4209 763 4263 l.
782 4209 818 4274 11,
837 4228 863 4279 p.
881 4212 932 4264 819
950 4215 979 4265 el
999 4229 1023 4279 p.
1034 4212 1084 4265 8211
1104 4211 1148 4277 (de
1161 4208 1212 4261 hac
1228 4205 1334 4274 [uictura
1343 4203 1416 4257 infra
1428 4203 1510 4272 plura

353 4290 572 4360 disputabimus),
591 4292 640 4357 Ill,
658 4312 684 4362 p.
705 4294 778 4349 1752.
