3225 5200
911 495 952 560 ΙΙ

354 676 462 758 Neque
476 694 550 742 vero
566 675 760 757 Geppertio¹l
777 677 844 741 viro
866 677 957 741 docto
973 677 1119 742 assentiri
1135 697 1272 760 possum,
1289 679 1429 744 hocloco
1447 678 1518 760 thy·
1605 710 1606 771 3

355 776 455 840 meleu
469 776 663 842 orchestram
678 776 863 859 significare,
879 794 947 841 cnm
964 775 1241 858 praetermorem,
1258 778 1409 856 tibicines,
1423 778 1518 843 rhab·
1605 790 1606 841 l

356 876 473 941 duchos
493 876 572 955 illos,
594 877 633 941 de
656 876 768 958 quibus
790 876 872 940 infra
894 894 1035 956 agemus,
1056 878 1086 940 in
1108 876 1295 942 Graecorum
1306 879 1330 958 2)
1353 879 1518 943 orchestra

356 983 711 1058 quemqnamuersatum
733 976 828 1041 fuisse
850 977 941 1041 nullis
957 983 1095 1041 veterum
1118 978 1304 1040 testimoniis
1320 977 1517 1059 comprobari

355 1076 464 1157 possit.
507 1076 576 1154 Qua
603 1077 641 1140 de
671 1094 765 1140 causa
789 1077 934 1160 equidem
958 1076 1139 1141 crediderim
1168 1076 1217 1140 hic
1239 1076 1387 1157 thymeles
1408 1095 1516 1141 vocem

355 1194 412 1257 pro
434 1180 501 1238 toto
524 1175 649 1241 theatro
671 1177 827 1257 usurpari,
848 1195 886 1240 ex
908 1194 970 1256 quo
990 1177 1035 1240 illi
1057 1172 1168 1256 ἄτιμοι
1187 1177 1289 1240 emissi
1311 1177 1383 1240 sint.
1425 1176 1517 1254 Quod

355 1292 395 1338 ne
416 1273 626 1340 incredibilius
646 1276 801 1353 videatur,
825 1276 1023 1341 recordemur
1044 1276 1113 1341 aliis
1135 1293 1258 1357 quoque
1278 1275 1395 1340 theatri
1417 1280 1519 1358 parti-

355 1375 430 1453 bus,
458 1381 493 1439 ut
525 1376 592 1456 ipso
621 1393 752 1441 scaenae
774 1376 886 1457 verbo,
915 1394 978 1440 non
1007 1382 1165 1441 nostrates
1194 1376 1306 1454 solum,
1338 1377 1393 1440 sed
1422 1379 1518 1441 etiarn

356 1476 504 1557 antiquos
531 1476 571 1539 ad
598 1481 699 1540 totum
730 1476 887 1542 theatrum
918 1494 1098 1558 omnemque
1126 1483 1312 1558 apparatum
1342 1479 1518 1544 scaenicum

356 1576 593 1656 significandum
612 1594 687 1641 usos
708 1577 813 1642 fnisse.
851 1578 953 1658 Atque
976 1578 1127 1661 thymeles
1142 1576 1270 1641 verbum
1288 1578 1414 1657 saepius
1432 1578 1518 1658 apud

357 1682 480 1741 veteres
510 1677 678 1769 scriptores
710 1695 768 1758 pro
795 1677 864 1758 ipso
894 1678 984 1758 logeo
1013 1685 1099 1742 stare
1126 1677 1410 1742 Sonrmerbrodtius
1440 1678 1475 1755 (l.
1497 1678 1519 1742 l.

357 1795 389 1857 p.
411 1778 451 1842 33
463 1795 508 1857 sq.
530 1784 563 1842 et
583 1796 612 1859 p.
636 1777 688 1858 96)
709 1778 859 1858 exemplis
880 1779 957 1842 satis
979 1777 1170 1858 probavit⁸)‚
1191 1795 1290 1857 neque
1312 1777 1426 1842 desunt
1448 1778 1517 1859 loci,

357 1876 469 1957 quibus
489 1875 638 1958 θυμέλην
662 1893 720 1956 pro
742 1875 886 1954 theatro,
915 1875 1094 1957 θυμελικόυ
1114 1895 1172 1957 pro
1201 1875 1344 1939 omnibus
1364 1895 1447 1960 quae
1476 1877 1519 1940 ad

360 1994 409 2041 res
433 1977 590 2041 scaenicas
611 1981 756 2055 spectant
776 1993 840 2040 non
863 1995 935 2041 raro
957 1983 1139 2059 usurpatum
1161 1975 1258 2041 fuisse
1278 1975 1379 2041 elucet
1387 1977 1423 2058 4).

439 2091 500 2159 Sed
522 2092 686 2157 redeamus
706 2092 748 2157 ad
769 2091 992 2171 Wieselerum,
1021 2094 1072 2173 qui
1095 2094 1188 2157 etiam
1211 2092 1306 2157 verba
1329 2091 1521 2157 scholiastae

359 2193 399 2256 ad
419 2190 588 2256 Aristidem
612 2198 768 2257 oratorem
780 2192 805 2273 ὖ)
824 2192 901 2256 haec
922 2194 1105 2274 protulerit:
1129 2187 1222 2256 ἄλλοι
1242 2193 1281 2254 δὲ
1300 2191 1446 2273 λέγουσιν
1470 2189 1523 2255 ὅτι

359 2290 552 2374 ἐκωμηίδουυ
581 2290 740 2373 ὀνομαστὶ
767 2292 843 2366 roric
871 2287 994 2372 ἄνδρας
1014 2300 1123 2373 μέχρις
1142 2290 1333 2365 adulabor.
1375 2292 1523 2374 περιεῖλε

359 2392 512 2456 δὲταῦτα
531 2391 726 2475 Ἀλκιβιάδης
749 2393 767 2456 ὁ
792 2392 968 2476 στρατηγὸς
994 2394 1049 2455 καὶ
1070 2391 1184 2476 ῥήτωρ.
1226 2392 1438 2475 κωμῳδηθεὶς
1459 2393 1523 2472 γάρ

429 2618 454 2686 1)
471 2615 516 2671 die
534 2616 678 2686 altgrieeh.
697 2617 804 2681 Biihne,
823 2615 936 2687 Leipzig
954 2615 1038 2680 1843,
1055 2631 1082 2684 ρ.
1101 2614 1152 2669 208
1170 2615 1234 2670 adn.
1252 2615 1277 2669 4.

427 2720 456 2790 2)
474 2720 509 2774 de
526 2719 763 2775 Romanorum
782 2719 898 2773 theatris
917 2718 1004 2773 tradit
1021 2717 1155 2771 Vitruv.
1176 2717 1209 2782 V,
1227 2718 1252 2781 6,
1273 2716 1302 2770 2:
1327 2716 1357 2770 in
1380 2716 1523 2770 orchestra

361 2811 451 2860 autem
468 2812 625 2860 senatorum
646 2812 710 2861 suut
727 2805 835 2861 sedibus
857 2807 916 2861 loca
933 2805 1077 2874 desipuuta
1096 2811 1122 2859 et
1140 2806 1198 2858 eius
1219 2803 1326 2873 pulpiti
1343 2801 1462 2857 claudo
1485 2803 1524 2856 sit

359 2909 393 2947 ue
413 2893 480 2962 plus
503 2890 605 2962 pedum
624 2893 758 2961 quinqua,
781 2892 825 2946 uti
850 2892 898 2960 qui
915 2893 945 2946 in
969 2892 1106 2946 orchestra
1123 2889 1254 2953 sederint,
1277 2895 1399 2958 spectare
1411 2888 1524 2956 possint

360 2979 480 3033 amalum
498 2979 636 3047 aprutium
653 2983 751 3046 pestus.

429 3080 455 3146 3)
475 3079 596 3134 conferas
613 3078 717 3135 Beklr.
731 3081 857 3134 anecd.
875 3099 901 3150 p.
912 3082 945 3134 42
962 3097 1043 3149 quem
1054 3078 1145 3133 locuni
1157 3078 1187 3131 in
1196 3096 1222 3147 p.
1234 3078 1265 3132 17
1274 3077 1337 3131 adn.
1351 3077 1364 3129 1
1381 3074 1523 3145 adscripsi.

361 3164 480 3233 Reliqua
496 3165 619 3220 invenies
637 3166 711 3235 apud
730 3166 919 3221 Albertum
938 3166 1153 3221 Muellerum
1175 3165 1194 3217 l.
1212 3164 1231 3220 l.
1250 3182 1276 3233 p.
1297 3162 1394 3229 130sq.
1412 3162 1477 3215 adu.
1497 3161 1524 3215 6.

362 3253 390 3305 et
408 3249 437 3304 iu
457 3250 502 3305 Ge
512 3252 655 3321 ppertii
673 3251 736 3306 libri
754 3252 790 3305 de
807 3255 900 3307 vetere
918 3253 1083 3306 Graecorum
1101 3268 1200 3306 scaena
1218 3268 1244 3320 p.
1261 3249 1313 3303 208
1330 3249 1394 3302 adn.
1412 3249 1438 3301 4.

429 3355 457 3421 4)
476 3354 571 3424 Corp.
596 3354 764 3425 inscript.
790 3354 908 3409 Graec.
932 3356 982 3409 349
1001 3357 1030 3408 et
1046 3356 1113 3409 4315
1137 3354 1260 3421 anausim}
1281 3355 1384 3411 σύνοδος
1404 3346 1525 3418 collegia

361 3438 499 3510 significat
515 3458 587 3510 quae
600 3442 747 3497 histriones
766 3441 932 3496 constituere
949 3441 1079 3495 solebant.
1116 3441 1209 3495 idem
1228 3441 1307 3495 1625
1325 3441 1394 3494 haec
1412 3436 1526 3493 exhibet

362 3527 460 3581 verba:
474 3570 481 3583 .
496 3568 502 3582 .
518 3567 547 3581 ..
582 3532 610 3579 ἕν
634 3549 661 3579 τε
679 3527 785 3598 [τ]αῖ[ς]
810 3536 962 3593 γεινομέναις
981 3533 1100 3599 θεωρίαις
1123 3529 1169 3580 τοῦ
1187 3526 1323 3589 arausicanis
1346 3527 1449 3584 πάντας
1465 3523 1525 3583 roric

364 3614 520 3685 [θ]ωμένους
538 3617 579 3665 καὶ
596 3615 654 3674 τοές
672 3615 841 3673 συνελθόντας
858 3616 910 3666 α’ννδ
927 3615 979 3666 τῶν
990 3617 1085 3666 πόλεων
1105 3616 1243 3679 (periurare
1262 3618 1288 3665 έν
1308 3614 1344 3683 τῷ
1362 3615 1524 3685 θεάνρρ)....

363 3704 548 3774 opponuntur
567 3706 594 3754 έν
613 3702 651 3770 τῷ
664 3701 792 3770 &nucleum
810 3703 851 3751 καὶ
869 3702 1006 3771 γυμν[νκ]ρῖ
1021 3701 1101 3767 α’γῶνν
1118 3700 1148 3753 in
1166 3700 1253 3769 corp.
1272 3699 1426 3768 inscript.
1446 3699 1524 3754 4493.

362 3791 454 3846 Plut.
476 3792 659 3859 praecept.
678 3804 746 3857 ger.
764 3787 890 3856 reipub.
909 3788 1008 3851 XXXI,
1027 3790 1044 3841 6
1063 3787 1149 3840 Dtibn.
1171 3788 1210 3839 δεῖ
1226 3787 1286 3855 μήτ’
1306 3788 1349 3838 ἐπὶ
1370 3789 1465 3838 στάδια
1483 3788 1526 3837 καί

364 3879 478 3940 θυμέλας
495 3878 535 3927 καί
552 3873 679 3944 τραπέζας
696 3874 880 3943 (καταβαίνειν)
899 3882 997 3941 πένητα
1015 3876 1142 3933 πλουσίοις
1160 3874 1224 3942 ὑπέρ
1240 3874 1312 3938 δίξης
1324 3876 1365 3924 καί
1375 3875 1527 3934 δυναστείας

363 3962 576 4032 διαγωνιζόμενον.
612 3961 737 4015 Polem.
756 3961 848 4030 apud
866 3961 985 4014 Athen.
1002 3960 1060 4023 XV,
1079 3960 1112 4013 56
1130 3979 1157 4030 p.
1168 3959 1255 4013 699a:
1274 3961 1370 4011 τούτων
1383 3961 1411 4012 δέ
1424 3960 1526 4028 πρῶτος

363 4054 482 4121 είσῆλθεν
500 4053 534 4109 εἰς
551 4049 609 4107 τούς
625 4047 724 4114 ἀγῶνας
742 4050 800 4106 τοὺς
817 4049 963 4108 dunstanni<
973 4048 1091 4114 Ἡγήμων
1109 4049 1150 4098 καί
1167 4046 1229 4112 παρ’
1245 4048 1394 4113 Ἀθηναίοις
1412 4051 1525 4114 ἐνίκησεν
1600 4079 1601 4088 .

363 4141 450 4197 ἄλλαις
467 4158 495 4188 τε
518 4136 659 4206 παρῳδίαις
675 4135 716 4185 nal
738 4133 772 4208 τῇ
791 4137 818 4185 Γ
817 4141 996 4202 νγαντομαχίᾳ.
1036 4133 1154 4201 Reliqua
1173 4132 1286 4186 exhibet
1304 4131 1524 4187 Wieselerus
1599 4159 1601 4193 l

363 4226 393 4280 in
410 4223 503 4280 Erech.
521 4225 550 4277 et
566 4221 651 4276 aruo.
670 4222 688 4277 l.
708 4221 725 4275 l
745 4240 771 4291 p.
790 4222 889 4289 228sq.
909 4223 972 4277 adn.
992 4220 1117 4275 rto-42.

433 4328 460 4396 5)
480 4327 522 4380 ed.
541 4324 665 4398 Diodori.
684 4326 751 4378 tom.
769 4324 819 4392 ΙΙΙ,
839 4343 863 4394 p
883 4327 942 4381 444.
977 4323 1157 4378 Wieseler.
1178 4323 1195 4375 l.
1215 4322 1230 4375 l·.
1250 4341 1275 4392 p.
1295 4325 1336 4379 ΙΙ.
