3225 5200
728 482 768 545 aa

168 662 273 743 Atque
310 677 347 724 ex
383 657 452 740 ipsa
484 657 592 724 tabula
619 658 721 726 elucet
749 660 909 726 Danaides
938 661 968 727 in
998 660 1086 743 logeo
1115 679 1210 743 prope
1241 675 1328 723 aram

168 779 330 825 remanere
344 778 440 841 usque
454 761 494 825 ad
512 778 634 824 versum
651 765 720 840 988,
741 778 801 841 quo
816 766 937 841 patrem
951 770 1077 828 secutae
1091 765 1121 828 in
1135 765 1328 830 orchestram

169 861 305 925 redeunt
316 866 348 925 et
363 860 476 941 ἔξοδον
497 878 590 943 quam
612 866 726 924 vocant
748 867 914 927 cantantes
934 881 990 944 per
1011 864 1153 929 dextram
1176 867 1327 948 parodum

140 965 143 968 ’
169 962 374 1040 egrediuntur
384 962 415 1040 ¹).

253 1070 395 1133 Summas
423 1065 621 1131 difficultates
649 1065 792 1147 Aeschyli
816 1068 1080 1137 Prometheus
1109 1072 1218 1155 oliert,
1250 1093 1328 1156 quas

169 1188 277 1234 omnes
300 1169 418 1233 diluere
442 1166 582 1250 equidem
610 1183 671 1230 nnn
697 1168 807 1231 ausim.
858 1168 939 1233 Nam
966 1188 1035 1235 cum
1061 1171 1137 1238 haec
1165 1176 1328 1257 tragoedia

169 1271 306 1334 maxima
325 1289 360 1334 ex
383 1274 474 1349 parte
495 1267 525 1330 in
548 1266 612 1330 alto
635 1273 756 1346 agatur,
780 1268 874 1332 etiam
894 1269 1020 1335 chorum
1040 1271 1254 1340 Oceanitidem
1273 1296 1328 1358 per

169 1377 274 1435 aerem
302 1369 514 1434 machinarum
543 1384 599 1447 ope
628 1365 826 1431 advolantem
856 1367 1012 1450 fingamus
1042 1381 1175 1453 oportet.
1227 1378 1328 1459 Atque

169 1470 310 1536 conseras
333 1468 401 1552 ipsa
421 1468 503 1534 chori
525 1466 601 1531 haec
622 1465 732 1530 verba:

472 1568 564 1650 φιλία
584 1566 644 1647 γαρ
664 1562 724 1652 ἥδε
744 1565 835 1643 τάξις

294 1669 460 1750 πτερύγων
477 1671 575 1740 θοαῖς
593 1666 744 1746 ἁμίλλαις

295 1773 443 1851 προσέβα
464 1766 561 1831 τόνδε
583 1765 689 1846 πάγον
709 1791 736 1829 κ.
756 1789 783 1830 ι.
803 1767 831 1831 λ,
855 1768 896 1850 (v.
920 1768 977 1833 128
988 1773 1050 1854 sq.)

168 1877 203 1934 et
225 1889 306 1954 quae
327 1870 433 1952 paullo
454 1872 738 1950 postsequuntur:

294 1969 404 2050 σύθην
424 1968 453 2030 δ’
468 1967 623 2040 α’πέδιλος
643 1961 708 2048 ὅχῳ
730 1972 884 2051 πτερωτῷ
891 1970 915 2051 a)
938 1970 980 2050 (v.
1001 1974 1080 2053 135).

170 2069 250 2134 Tum
272 2071 314 2151 (v.
334 2068 407 2145 i80l
436 2067 565 2132 chorum
588 2067 747 2133 machinas
769 2068 931 2151 reliquisse
951 2080 983 2136 et
1004 2074 1035 2137 in
1058 2073 1180 2155 logeum
1203 2076 1328 2157 descen-

168 2169 252 2234 disse
274 2170 341 2250 ipse
364 2165 479 2250 hiereli
502 2173 640 2232 testatur
661 2168 781 2233 verbis:

471 2267 525 2330 καὶ
548 2269 607 2330 νῦν
628 2267 759 2350 ἐλαφρῷ

294 2366 373 2429 ποδὶ
394 2364 644 2448 κραιπνόσυτον,
668 2371 775 2431 θᾶκον
796 2369 991 2450 προλιποῦσ’

293 2465 414 2547 αἰθέρα
434 2470 470 2529 θ’
486 2466 594 2546 α’γνον,
616 2465 718 2548 πόρον
739 2466 861 2531 οἰωνῶν

293 2564 462 2650 ὀκριοέσσῃ
482 2567 580 2647 χθονὶ
602 2567 681 2652 τῇδε
702 2568 799 2632 πελῶ.

168 2666 251 2730 Num
283 2665 481 2731 Oceanitides
512 2669 542 2731 in
575 2668 766 2732 orchestram
796 2668 1030 2748 descenderint,
1070 2670 1232 2735 diiudicari
1266 2689 1326 2735 non

168 2770 293 2847 potest;
324 2784 403 2849 quas
430 2766 460 2829 in
490 2767 551 2830 line
577 2765 700 2833 fabulae
724 2769 755 2831 in
777 2768 867 2849 lugeo
887 2787 984 2850 prope
1004 2786 1111 2850 rupem
1134 2771 1183 2834 cui
1203 2769 1327 2835 Prome·

169 2866 261 2930 theus
284 2865 436 2930 adhaeret
457 2872 600 2931 versatas
622 2885 691 2932 esse
712 2886 748 2932 eo
768 2867 876 2947 elucet,
897 2868 978 2949 quod
992 2868 1176 2950 Mercurius,
1200 2889 1239 2935 ne
1257 2887 1325 2934 curn

167 2964 357 3030 Prometheo
378 2972 516 3046 pereant,
537 2984 591 3031 eas
611 2966 769 3031 discedere
788 2968 875 3032 iubet
894 2968 942 3034 his
963 2968 1084 3034 verbis:

291 3063 361 3128 ἀλλ’
376 3052 433 3128 οὖν
454 3064 544 3145 ὑμεῖς
563 3068 589 3147 γ’
606 3066 641 3129 αἱ
662 3066 865 3149 πημοσύναις

292 3163 536 3245 συγκάμνουσαι
556 3168 744 3240 rotgertus
765 3166 877 3229 τόπων

292 3264 375 3345 μενοέ
398 3288 463 3328 που
482 3268 606 3349 χωρεῖτ’
623 3267 659 3329 ἐκ
680 3268 785 3330 τῶνδε
807 3270 896 3341 θοοῖς
919 3267 960 3348 (v.
979 3266 1058 3332 1062
1067 3266 1148 3349 sqq.)

167 3420 362 3432 -n—---——.-

241 3508 266 3578 1)
285 3508 333 3576 qui
351 3510 385 3565 de
401 3511 514 3581 reliquis
532 3530 637 3568 mecum
653 3513 791 3568 consentit
809 3513 1096 3569 Schoenbornius
1114 3512 1144 3567 in
1152 3513 1205 3567 fine
1214 3513 1326 3568 fabulae

167 3596 281 3650 chorum
307 3612 354 3666 per
378 3602 655 3668 scaenaequandam
675 3605 784 3671 portam
801 3602 894 3658 educit
919 3605 948 3672 (Ι.
967 3604 986 3658 l.
1007 3620 1069 3672 pag.
1088 3603 1157 3667 286).
1198 3599 1249 3654 Sed
1270 3598 1326 3653 veri

167 3682 284 3737 similius
309 3683 418 3739 ridetur
441 3687 552 3740 chorum
578 3687 784 3758 qninquaginta
808 3707 855 3745 sex
881 3707 973 3744 versus
1005 3688 1052 3757 qui
1070 3689 1154 3746 ἔξοδον
1179 3685 1326 3741 conficiunt
1381 3699 1385 3706 '

167 3770 197 3823 in
215 3770 355 3824 orchestra
373 3772 511 3829 cecinisse.

237 3864 264 3933 2)
284 3864 354 3919 idem
369 3865 476 3934 placuit
493 3868 732 3933 scholiastae,
751 3868 798 3937 qui
818 3868 940 3923 adhunc
954 3869 1171 3923 locumadnotat
1185 3865 1324 3935 (Aeschyli

167 3949 255 4005 fabul.
280 3969 339 4014 cunr
366 3952 528 4007 lectionibus
552 3958 580 4008 et
606 3954 717 4009 scholiis
739 3954 826 4009 edidit
850 3954 1026 4009 Wecklenius
1049 3973 1073 4007 v.
1095 3955 1169 4024 130):
1194 3953 1277 4005 τοῦτο
1296 3953 1324 4004 or

167 4057 242 4097 wear
267 4039 309 4090 clera*
333 4038 450 4106 μηχανῆς
469 4040 690 4111 αἰροὸοιούμεναι..
720 4042 817 4094 ἄτοπον
839 4044 888 4108 reip
909 4043 1025 4093 κάτωθεν
1050 4041 1212 4105 διαλέγεσθαι
1231 4039 1266 4108 τῷ
1285 4038 1323 4098 lo'

168 4123 246 4184 liquor
263 4123 437 4194 (Prometheo
456 4126 578 4195 scilicet).
617 4132 643 4180 ἐν
666 4130 714 4194 ὅσῳ
733 4131 760 4181 ol
775 4127 885 4197 Ὠκεανῷ
902 4129 1049 4198 προολαλιῒ,
1074 4133 1190 4177 κατίασιν
1208 4127 1251 4178 ἐπὶ
1268 4124 1322 4192 γῆς.

238 4226 264 4297 3)
289 4227 387 4295 quibus
409 4229 490 4299 plane
515 4231 649 4285 refellitur
673 4231 938 4287 Schoenbornii
964 4229 1115 4293 sententia,
1139 4229 1187 4297 qui
1211 4230 1322 4285 chorum

169 4330 274 4383 semper
292 4314 320 4367 in
340 4320 401 4370 aere
421 4319 574 4371 versantem
593 4317 660 4372 fecit
678 4318 706 4386 (l.
723 4319 741 4373 l.
758 4338 785 4388 p.
804 4318 875 4385 293).
