3225 5200
858 474 899 539 30

374 655 410 719 15
431 650 494 719 fine
506 654 722 719 Persarum
739 650 865 719 chorum
883 655 1015 720 Xerxem
1033 673 1128 737 supra
1143 654 1262 735 logeum
1280 658 1309 721 in
1327 656 1451 722 domum

293 755 410 834 regiam
432 759 632 819 consecutum
654 754 780 834 inisse¹l
803 756 867 818 veri
892 755 1081 820 simillimum
1103 763 1159 836 est,
1181 777 1249 823 cum
1274 760 1451 827 15555525

294 856 406 918 Atussa
433 873 452 919 a
480 855 604 920 senibus
633 848 1178 938 551515555551551555555155515,
1210 865 1246 922 ut
1267 863 1452 929 comitentur

293 971 397 1034 regem
420 954 561 1038 5511555
587 953 739 1037 (551035)
762 954 934 1018 exclamat:

416 1051 547 1127 αἰακτὸς
568 1054 600 1127 ἐς
621 1053 740 1135 δόμους
760 1058 818 1117 ais.

378 1277 546 1365 Veniamus
569 1278 609 1343 ad
632 1278 793 1359 Septem
816 1280 1012 1344 adversus
1033 1281 1199 1347 Thebas.
1247 1284 1369 1353 Chorus
1391 1291 1452 1352 vir-

297 1376 402 1456 giuum
426 1377 612 1448 55555515
637 1377 827 1443 orchestram
850 1398 907 1460 per
933 1380 1074 1445 dextram
1098 1384 1249 1463 paredum
1273 1406 1300 1451 v.
1323 1394 1361 1452 78
1383 1409 1454 1471 pro-

293 1474 467 1558 greditur2)
497 1483 592 1556 atque
621 1483 686 1542 tum
707 1496 831 1559 pugnae
861 1479 997 1545 tumultu
1017 1483 1202 1560 perterritus
1224 1485 1262 1548 ad
1285 1487 1452 1553 simulacra

294 1577 420 1641 deorum
445 1594 526 1659 quae
553 1582 650 1658 p'rope
679 1578 801 1642 domum
830 1577 948 1658 regiam
977 1579 1167 1647 collocantur
1189 1604 1216 1649 v.
1239 1589 1278 1649 95
1306 1587 1451 1668 confugit.

293 1675 390 1753 Quem
414 1676 514 1741 locum
536 1677 686 1758 relinquit
708 1697 737 1741 v.
757 1683 817 1741 270
835 1676 966 1742 Eteocle
989 1679 1132 1745 iubente:
1314 1684 1316 1689 ’

415 1776 469 1839 καὶ
489 1776 572 1858 πρός
592 1799 626 1858 γε
648 1775 772 1851 τούτοις
793 1778 883 1851 ἐκτὸς
904 1766 975 1843 osio’
990 1778 1189 1861 ἀγαλμάτων

416 1874 513 1957 εὔχου
534 1877 577 1939 τοὶ
598 1883 737 1959 κρείσσω
757 1877 944 1960 ξυμμάχους
966 1870 1050 1941 εἶναι
1070 1881 1170 1953 θεούς
1192 1883 1232 1960 (v.
1250 1885 1310 1946 248
1322 1882 1381 1964 sq.)

292 1978 328 2041 ln
360 1977 419 2041 fine
447 1976 577 2042 fabulae·
591 1978 703 2043 chorus
728 1981 759 2043 in
782 1979 862 2043 duas
885 1984 992 2060 partes
1014 1980 1129 2044 diuisus
1152 2000 1222 2045 cum
1245 1983 1401 2064 Antigone
1421 1993 1453 2049 et

292 2076 412 2142 Ismene
440 2077 594 2158 Polynicis
625 2083 657 2142 55
685 2077 819 2144 Eteoelis
847 2079 1024 2144 exanimata
1053 2099 1185 2161 corpora
1211 2100 1268 2162 per
1293 2083 1451 2148 sinistram

293 2175 496 2258 dextramque
518 2177 670 2258 parodum
692 2196 730 2242 ex
751 2178 912 2243 orchestra
934 2180 1164 2260 comitanturll.

376 2343 562 2424 Discrepant
590 2343 673 2409 inter
704 2362 739 2409 se
761 2345 821 2408 viri
844 2343 943 2422 docti,
973 2347 1130 2426 quomodo
1151 2345 1397 2412 Eumenides
1420 2348 1451 2411 in

293 2444 474 2523 cognomine
495 2442 600 2509 fabula
621 2444 651 2507 iu
664 2451 862 2525 conspectum
874 2445 1027 2522 venerint,
1049 2451 1152 2509 tamen
1166 2463 1283 2524 55555,
1302 2453 1451 2526 5555555

295 2543 367 2623 5515,
389 2543 419 2609 15
442 2544 511 2626 1555
533 2561 645 2609 555555
666 2562 719 2609 555
741 2546 924 2626 apparuisse
946 2544 1154 2610 consentiunt.
1194 2548 1298 2630 Atque
1310 2547 1451 2628 equidem

294 2643 476 2708 crediderim
499 2664 527 2708 5.
548 2647 586 2707 65
609 2645 800 2734 quo-Apollo
822 2664 892 2709 cum
919 2644 1029 2709 Oreste
1049 2650 1080 2709 et
1096 2644 1250 2712 Mercurio
1272 2666 1309 2712 ex
1326 2647 1452 2728 templo,

294 2742 376 2827 quod
406 2744 526 2809 mediae
553 2750 666 2825 portae
695 2745 796 2809 locum
821 2749 922 2824 55555,
950 2744 1210 2826 progrediuntur,
1242 2764 1299 2826 per
1324 2753 1451 2827 apertas

292 2849 400 2925 portas
426 2843 592 2909 nonnullas
621 2843 742 2924 quidem
763 2843 951 2908 Eumenides
980 2844 1166 2909 dormientes
1194 2843 1306 2911 vidisse
1328 2852 1451 2927 speeta-

292 2941 421 3025 tores4).
479 2944 580 3025 Atque
609 2961 709 3028 usque
737 2944 778 3010 ad
805 2961 928 3008 uersum
958 2947 1017 3010 233
1048 2962 1109 3025 quo
1138 2961 1250 3010 scaeua
1280 2952 1452 3012 commuta·

362 3173 387 3242 1)
405 3172 478 3228 idem
496 3174 602 3243 placuit
618 3174 883 3230 Schoenbornio
901 3176 918 3229 l.
935 3175 953 3229 l.
971 3195 998 3246 p.
1020 3176 1076 3230 197.

361 3259 489 3329 tiquam
508 3260 538 3315 in
552 3261 632 3331 logeo
650 3261 707 3316 iam
724 3261 754 3315 in
773 3261 862 3331 primo
880 3262 1038 3335 apparuisse
1056 3261 1345 3317 Schoanbornins
1364 3280 1390 3331 p.
1403 3262 1451 3316 127

293 3345 401 3401 maluit.

360 3432 387 3502 3)
413 3435 501 3487 totam
526 3450 656 3502 pompam
679 3432 822 3487 funebrem
841 3434 1130 3490 Schoenbornius
1150 3455 1176 3504 p.
1195 3436 1244 3489 129
1270 3435 1300 3489 15
1323 3451 1451 3489 scaenam

291 3518 447 3585 transtulit,
470 3518 596 3587 quamvis
615 3517 684 3573 5515
702 3519 816 3574 chorum
835 3525 952 3576 exeunte
971 3522 1065 3576 fabula
1082 3522 1112 3576 in
1132 3522 1272 3577 orchestra
1291 3521 1373 3576 fuisse
1391 3538 1450 3575 een·

291 3605 384 3660 suerit.
419 3606 471 3660 Sed
490 3605 561 3659 hanc
579 3605 608 3659 15
626 3623 683 3660 rem
702 3606 776 3660 iufra
796 3609 951 3662 accuratius
968 3607 1145 3677 inquiremus.

359 3692 387 3760 4)
404 3691 695 3746 Schoenbornivus
712 3711 739 3763 p.
758 3693 809 3747 209
822 3712 860 3762 55.
885 3695 1048 3749 scholiastae
1074 3696 1162 3750 verbis
1186 3696 1260 3749 nisus
1286 3696 1391 3749 duobus
1412 3699 1450 3747 lu-

291 3779 428 3847 κυκλῂμασι
454 3796 525 3848 quae
554 3782 687 3833 vocantur
711 3780 774 3834 illas
792 3780 822 3833 in
845 3782 956 3850 logeum
981 3783 1140 3851 provolutus
1155 3799 1211 3837 5555
1227 3782 1362 3836 censebat.
1398 3782 1449 3835 Sed

291 3864 491 3921 Odofredus
511 3865 706 3920 Muellerus
730 3866 1009 3937 (1155551515105)
1035 3869 1068 3923 de
1092 3870 1134 3923 his
1158 3868 1291 3923 machinis
1316 3869 1367 3922 hoc
1391 3868 1451 3922 loeo

292 3951 408 4023 eogitari
433 3969 487 4008 555
512 3969 590 4022 55555
615 3953 670 4006 155
695 3952 761 4007 satis
781 3954 984 4023 comprobavit,
1012 3954 1060 4021 551
1075 3954 1173 4008 aulaeo
1193 3955 1312 4022 quodam
1330 3956 1450 4008 retracto

291 4038 424 4094 interiora
447 4040 544 4111 templi
570 4038 598 4093 in
625 4041 800 4108 conspectum
821 4039 926 4094 5551555
944 4040 1051 4096 maluit.
1093 4040 1195 4095 Contra
1212 4057 1273 4094 aum
1293 4058 1450 4111 repugnans

291 4125 515 4182 Godofredus
538 4126 763 4180 Hermannus
790 4127 921 4196 (opuscul.
939 4125 993 4190 Vl,
1013 4128 1084 4197 5555.
1105 4127 1145 4192 11,
1165 4146 1190 4197 p.
1213 4127 1270 4197 166)
1296 4127 1330 4181 de
1352 4143 1450 4180 scaeua

292 4213 391 4272 ductili
409 4212 558 4282 cogitabat,
577 4229 661 4281 quam
680 4211 827 4267 Servius
845 4214 892 4282 (ad
899 4214 981 4283 Verg.
992 4213 1118 4284 Georgia
1129 4213 1176 4279 III,
1185 4214 1229 4282 24)
1247 4220 1449 4282 5555555555,

291 4302 376 4368 55555
399 4299 507 4353 demum
532 4318 557 4354 5.
579 4299 612 4355 97
637 4297 800 4354 Eumenides
823 4301 981 4372 apparuisse
1006 4300 1157 4355 contendit.
1205 4302 1248 4357 lde
1273 4303 1295 4356 si
1320 4304 1449 4373 sequaris,
