3225 5200
877 509 918 571 58

311 687 449 768 periacto
473 704 560 750 versa
575 687 615 764 ¹),
632 687 756 749 domum
778 685 936 766 Euripidis
958 686 988 748 in
1010 692 1207 765 conspectum
1231 689 1360 768 venisse,
1383 691 1474 755 cuius

311 786 341 849 in
371 787 509 852 conclavi
544 786 654 848 sedens
687 787 823 864 tragicus
850 792 943 866 poeta
972 786 1070 865 portis
1097 787 1214 865 apertis
1241 807 1268 850 v.
1292 793 1351 851 409
1382 807 1473 869 spec·

311 885 466 949 tatoribus
487 885 516 948 in
539 891 736 964 conspectum
757 886 859 960 venit,
882 902 943 965 qua
966 885 1005 948 de
1028 903 1061 947 re
1081 883 1331 951 Schoerrboroius
1353 890 1473 968 optime

311 986 459 1050 disseruit
491 986 533 1065 (p.
549 982 636 1063 312).
680 982 758 1046 Tum
784 990 857 1065 post
889 1002 1012 1047 versum
1038 983 1098 1047 479
1129 989 1304 1048 retroversa
1333 987 1472 1065 periacto

310 1085 468 1165 Euripidis
505 1084 614 1146 domus
650 1101 667 1145 e
701 1090 869 1163 conspectu
905 1084 1070 1158 evanescit,
1101 1084 1214 1164 quippe
1241 1085 1329 1148 cuius
1359 1092 1470 1165 postea

309 1185 425 1247 mentio
455 1182 539 1247 nulla
567 1182 632 1261 fiat,
661 1190 757 1262 atque
785 1182 980 1263 Dicaeopolis
1012 1182 1171 1262 paullatim
1198 1201 1215 1245 e
1242 1182 1331 1263 logeo
1361 1185 1391 1246 in
1419 1203 1471 1246 orr

310 1282 463 1347 chestram
479 1282 561 1345 redit
571 1280 610 1363 2).
655 1282 795 1362 Denique
805 1281 887 1347 hunc
901 1282 1041 1345 oratione
1060 1280 1168 1344 habita
1183 1288 1255 1360 post
1270 1299 1392 1345 versum
1407 1283 1470 1345 563

309 1401 368 1463 quo
398 1384 500 1447 denuo
530 1400 604 1462 pars
632 1382 852 1445 choreutarum
879 1399 950 1445 enm
979 1380 1170 1460 aggreditur,
1200 1382 1230 1443 in
1255 1380 1375 1460 logeum
1397 1399 1471 1444 con-

309 1481 425 1561 fugisse
455 1487 609 1556 statuam;
639 1481 825 1544 Lamachum
854 1481 933 1544 enim
964 1501 991 1544 v.
1006 1484 1065 1544 572
1096 1480 1224 1543 erloino
1254 1498 1312 1543 sua
1341 1499 1471 1561 progre-

312 1583 448 1645 dientem
480 1582 585 1644 statim
616 1581 666 1644 ille
695 1581 831 1661 appellat
860 1587 892 1642 et
918 1579 1068 1643 auxilium
1090 1579 1186 1644 abeo
1207 1580 1295 1660 petit.
1338 1579 1470 1660 Reliqua

312 1699 386 1745 vero
410 1680 645 1745 huiusiabuiae
666 1698 721 1760 per
743 1697 775 1743 se
796 1680 960 1760 perspicua
977 1686 1065 1742 sunt.

392 1787 478 1851 Haec
509 1788 602 1851 habui
631 1805 710 1867 quae.
739 1786 777 1850 de
807 1788 883 1867 ipsis
904 1785 1017 1849 fabulis
1047 1785 1145 1866 deque
1174 1792 1243 1849 tota
1271 1805 1304 1849 re
1329 1787 1471 1850 scaenica

310 1895 472 1968 poetarum
505 1887 677 1951 Atticorum
706 1886 871 1967 proferam.
914 1886 1016 1964 Atque
1038 1883 1205 1948 histriones
1226 1885 1351 1964 saepius
1374 1903 1470 1966 quam

312 1987 413 2068 primo
443 1993 595 2067 appareat
623 1986 733 2049 ohtutu
764 1986 871 2047 eodem
901 1986 966 2048 loco
993 2003 1054 2067 quo
1084 1983 1211 2048 chorum
1237 1992 1378 2048 versatos
1401 2004 1470 2049 esse

312 2087 372 2149 iam
396 2087 473 2148 satis
495 2103 677 2165 persuasum
700 2085 838 2149 habebis.
879 2083 988 2166 Neque
1012 2094 1114 2146 tanuen
1137 2083 1271 2147 Pollucis
1288 2085 1340 2147 illa
1363 2084 1469 2164 verba,

309 2184 496 2249 histrionum
529 2203 682 2264 scaenam,
717 2186 906 2249 orchestram
940 2183 1022 2247 chori
1056 2184 1213 2263 propriam
1250 2183 1354 2264 fuisse,
1388 2184 1470 2247 falsa

309 2301 378 2347 esse
414 2284 636 2365 contendimus,
679 2285 824 2365 quoniam
869 2284 1001 2346 maxima
1037 2301 1076 2345 en
1109 2291 1200 2363 parte
1237 2281 1402 2346 histriones
1437 2288 1469 2346 et

310 2383 438 2446 chorum
461 2400 537 2447 sane
551 2401 687 2447 seorsum
702 2402 758 2447 sua
771 2384 929 2464 peregisse
945 2388 1040 2462 atque
1062 2382 1227 2444 histriones
1249 2381 1280 2443 in
1300 2381 1470 2463 orchestra,

308 2482 381 2546 licet
403 2484 525 2562 saepius
552 2484 749 2563 transierint,
778 2492 881 2547 tamen
905 2501 976 2545 raro
999 2489 1121 2546 tantum
1145 2482 1259 2545 diutius
1281 2483 1469 2546 remansisse

309 2582 395 2662 ipsae
416 2581 541 2656 fabulae
563 2582 812 2647 demonstrant..

379 2781 404 2846 1)
430 2795 483 2845 qno
508 2778 540 2831 de
567 2777 627 2832 loco
653 2778 854 2832 scholiasta
871 2781 937 2832 haec
964 2779 1074 2833 adnotat
1098 2780 1195 2846 (Diibn.
1221 2781 1316 2846 ir.:l9l)
1339 2781 1468 2846 μειιιβολη·

308 2871 392 2929 μέμονε
417 2867 497 2915 τόποι·
520 2864 553 2920 ὡς
577 2868 619 2915 ἐπὶ
643 2867 688 2932 nil
713 2869 791 2914 οἰκίαι
818 2859 979 2935 Εῖραιιὸοιι]
1012 2869 1098 2932 Atque
1117 2868 1241 2919 conteras
1256 2865 1415 2919 Pollucis
1435 2865 1469 2918 de

308 2949 437 3018 periactis
465 2951 548 3004 verba
572 2950 630 3019 (IV,
644 2952 716 3016 126):
735 2955 759 3001 εἰ
778 2952 806 3001 di
833 2955 1007 3018 ἐπιστραφεῖεν
1031 2955 1060 3001 αι’
1083 2959 1218 3019 napinam,
1239 2952 1317 3019 ἡμὶν
1335 2953 1402 3008 δεξιοὶ
1422 2953 1469 3011 μέν

307 3038 406 3101 ἀμείβει
431 3038 508 3087 τόποι
533 3038 612 3104 (hanc
634 3038 762 3091 retineam
788 3036 932 3091 lectionem
957 3053 1017 3091 cum
1042 3038 1190 3091 Alberto
1215 3037 1389 3091 Muellero
1414 3037 1468 3094 ll

309 3141 335 3191 p.
355 3123 405 3176 163
427 3121 522 3183 admi,
541 3138 617 3190 quam
646 3122 828 3176 Belrkerus
853 3124 970 3176 correxit
994 3124 1020 3176 in
1047 3126 1076 3175 ιὸ
1097 3125 1160 3184 πᾶν,
1184 3123 1255 3192 quod
1283 3138 1390 3177 sensum
1415 3140 1469 3176 non

308 3210 440 3278 praebet),
458 3210 596 3278 ἀμφότεραι
614 3210 641 3259 (ll
660 3211 746 3275 χώραν
765 3208 969 3260 ὑπαλλάττουσιν
989 3210 1097 3276 (quade
1116 3227 1197 3264 causa
1213 3226 1262 3263 nos
1280 3209 1387 3277 quidem
1406 3208 1470 3262 dex·

309 3301 378 3349 tram
396 3310 475 3363 quam
493 3294 591 3348 Pollux
609 3281 686 3347 vocat
705 3295 840 3348 sinistram
860 3295 1031 3362 appellemus
1049 3298 1210 3364 perlectum,
1233 3298 1260 3348 in
1280 3312 1306 3363 p.
1327 3297 1356 3346 12
1376 3295 1468 3349 admi

311 3381 509 3447 disseruimus),
537 3396 607 3448 quae
631 3382 714 3436 rerba
738 3382 838 3448 optime
857 3382 936 3436 nobis
954 3382 1132 3446 auxiliantur,
1157 3398 1220 3436 nam
1239 3382 1317 3439 τόπος
1335 3381 1386 3435 hoc
1408 3381 1470 3434 loco

310 3474 496 3523 commutatur.
1040 3462 1043 3466 ’

379 3560 405 3629 2)
426 3560 459 3613 cf.
479 3577 502 3612 v.
522 3560 585 3612 450:

501 3635 521 3695 oi
539 3643 612 3707 θύμ’,
631 3645 692 3695 ἄνευ
707 3644 836 3703 σκάνδικος
853 3648 1015 3714 ἐμπορευτέα.

310 3736 338 3785 et
353 3732 529 3787 versum483:

493 3821 616 3888 aptificare
638 3820 690 3878 νιῖν,
710 3807 728 3869 οἷ
747 3822 825 3877 θυμέ·
854 3818 958 3884 γραμμή
977 3815 1000 3866 δ’
1018 3816 1102 3883 αὑτηί.

309 3903 349 3956 De
368 3903 410 3957 his
435 3916 564 3972 γραμμαῖς
581 3906 670 3972 ligitur
688 3904 761 3972 apud
781 3902 988 3972 Hesychium
1010 3918 1030 3955 s.
1044 3920 1082 3954 v.:
1102 3905 1128 3953 lv
1148 3902 1181 3974 τῇ
1200 3901 1329 3971 ὄρχήοτρᾳ
1348 3889 1422 3966 οἶμαι,
1440 3902 1472 3960 ὥς

310 3992 353 4041 ιὸι
371 3993 446 4055 χορὸν
465 3995 491 4043 ει
515 3999 608 4062 οτοίχῳ
630 3993 756 4042 ἵστασθαι
783 3998 810 4046 et
835 3988 906 4057 apud
926 3988 1147 4042 Eustathinm
1166 3987 1228 4049 Ill,
1239 3987 1288 4039 525
1308 4002 1366 4055 pag.
1376 3987 1470 4048 7727:

309 4078 350 4126 καὶ
368 4076 408 4127 tu
433 4075 516 4147 οἵαπερ
535 4082 560 4128 ἐν
586 4089 639 4136 τοῖς
660 4077 792 4147 δρομεῦσιν
815 4076 879 4126 οὕτω
899 4076 938 4125 καὶ
958 4079 984 4125 ἐν
1002 4075 1036 4148 τῇ
1055 4076 1184 4144 ὀρχήοτρᾳ
1204 4080 1321 4143 γραμμαί
1339 4093 1405 4131 τινες
1420 4076 1469 4138 ept-

313 4184 393 4223 νοιτο,
412 4163 444 4213 ἵν’
462 4162 474 4213 ὁ
492 4165 565 4233 χορὸς
583 4166 684 4232 {caprae
703 4165 767 4214 καιοὶ
785 4167 882 4226 στίχον.
