3225 5200
887 457 928 520 38

411 638 447 703 Iu
467 635 779 702 Acharnensium
807 655 835 699 v.
860 637 920 701 237
951 636 1145 716 Dicaeopolis
1172 654 1240 700 curn
1272 653 1384 711 uxore,
1413 631 1489 710 filia,

330 739 429 804 servis
451 756 468 802 e
491 738 579 801 domo
601 753 657 801 sua
679 752 760 816 quae
782 737 812 799 in
836 753 948 800 scaena
969 735 1030 800 sita
1051 741 1099 800 ost
1120 735 1330 816 progreditur,
1360 740 1396 798 ut
1415 733 1491 796 Dio-

330 838 420 923 nysia
437 837 628 903 sollemniter
641 835 786 902 celebret.
831 836 984 900 Omnibus
1004 835 1043 899 ad
1061 852 1183 899 sacrum
1194 852 1399 915 pompamque
1408 833 1491 898 bene

330 938 527 1020 praeparatis
549 942 650 1001 mater
669 934 762 999 filiam
785 935 933 1000 admonet
955 936 1036 1000 bisce
1058 936 1179 1000 verbis:

453 1035 625 1117 πρόβαινε,
643 1035 706 1098 aa’v
728 1030 842 1115 τῶχλῳ
865 1035 1095 1117 φνλάττεσθαι
1115 1034 1256 1118 σφόδρα,

453 1135 498 1224 μή
520 1134 776 1210 violentiores
800 1135 976 1219 περιτράγῃ
996 1136 1037 1196 τοὶ
1056 1135 1174 1216 χρύσια
1194 1138 1236 1215 (v.
1259 1137 1318 1200 257
1330 1133 1390 1216 sq.)

212 1229 216 1236 “
331 1238 435 1318 Atque
456 1237 513 1302 hoc
534 1234 644 1322 μήτις
665 1236 767 1300 aab
791 1242 889 1317 poeta·
904 1235 1017 1300 cornice
1039 1235 1180 1299 alludens
1201 1234 1240 1298 (16
1257 1234 1491 1314 spectatoribus

332 1337 446 1401 dictum
467 1355 534 1401 esse
557 1337 635 1418 vuit,
658 1355 725 1401 curn
748 1336 786 1399 de
806 1335 914 1416 choro,
944 1336 1059 1415 quippe
1082 1335 1134 1415 qui
1157 1335 1216 1398 illis
1238 1335 1492 1417 appropinquan-

331 1437 416 1501 tibus
440 1438 481 1516 (ν.
501 1435 573 1519 240)
596 1455 629 1501 se
651 1435 818 1513 abdiderit,
841 1436 971 1513 cogitari
992 1453 1053 1498 non
1076 1435 1183 1515 possit.
1226 1433 1318 1500 Unde
1341 1434 1491 1514 equidem

330 1537 512 1602 concludam
555 1555 610 1618 per
646 1535 836 1601 orchestram
872 1533 1102 1616 spectatoribus
1136 1535 1309 1615 propiorem
1345 1553 1489 1615 pompam

331 1638 415 1702 illam
436 1638 498 1701 iter
519 1638 637 1718 iecisse,
658 1655 752 1717 quarn
775 1636 970 1716 Dicaeopotis
989 1634 1170 1699 Bacchicam
1191 1640 1319 1698 cantum
1341 1636 1492 1715 incipiens

331 1738 484 1821 sequitur.
524 1740 627 1817 Atque
661 1736 742 1801 hunc
777 1735 884 1799 labala
917 1735 1102 1815 procedente
1137 1735 1241 1799 denuo
1276 1735 1314 1799 de
1342 1736 1429 1816 logeo
1457 1738 1490 1800 in

331 1837 522 1903 orchestram
554 1836 747 1901 descendisse
779 1855 841 1916 quu
869 1837 935 1900 loco
964 1836 1002 1899 de
1029 1835 1087 1898 hac
1116 1834 1274 1898 comoedia
1311 1837 1490 1901 accuratius

332 1937 558 2018 disputabimus
580 1936 668 2000 nobis
691 1936 968 2000 demonstrandum
992 1936 1061 1998 erit.

413 2042 579 2107 Veniamus
600 2043 638 2106 ad
660 2041 752 2106 finem
775 2043 988 2120 Ranarum,
1020 2061 1131 2106 versus
1152 2041 1220 2105 dico
1241 2041 1321 2105 teat
1330 2059 1397 2122 sqq.
1421 2041 1493 2122 qui·

259 2140 261 2145 ’
332 2143 389 2208 bus
401 2144 495 2208 Pluto
512 2142 678 2207 choreutas
701 2143 731 2206 in
754 2142 914 2208 orchestra
937 2148 1061 2207 stantes
1081 2141 1240 2222 admonet,
1262 2146 1298 2204 ut
1320 2139 1491 2220 Dionysum

218 2236 222 2241 ’
332 2249 364 2307 et
381 2242 566 2325 Aeschylum
588 2242 628 2307 ab
651 2242 756 2306 inferis
778 2243 951 2307 interram
974 2244 1131 2308 redituros
1163 2242 1246 2307 faces
1274 2240 1490 2322 praeferentes

334 2344 530 2408 comitantur.
560 2342 648 2406 <Inde
670 2344 811 2424 sequitur
840 2343 917 2407 duos
947 2343 1015 2407 illos
1042 2343 1206 2407 histriones
1237 2343 1267 2405 in
1299 2340 1492 2405 orchestram

332 2442 527 2507 descendisse
549 2460 586 2506 ac
610 2461 666 2523 per
689 2442 847 2507 sinistram
870 2449 1023 2523 quantum
1042 2442 1131 2506 video
1145 2440 1294 2522 paredum
1309 2458 1379 2504 cum
1397 2440 1491 2505 choro

333 2542 489 2609 theatrum
511 2543 670 2624 reliquisse
682 2544 712 2625 ¹).

415 2643 551 2708 Videsne
580 2650 699 2725 quanta
727 2644 855 2709 licentia
882 2643 1172 2725 praestantissimus
1200 2633 1256 2706 ille'
1282 2643 1362 2705 inter
1385 2660 1492 2707 ornnes

334 2744 561 2808 comoediarum
578 2745 743 2827 scriptores
765 2751 858 2825 poeta
885 2762 961 2807 usus
984 2743 1025 2807 sit
1050 2744 1083 2806 in
1113 2741 1205 2806 rebus
1232 2743 1389 2821 scaenicis,
1422 2761 1491 2807 cum

334 2843 393 2907 iarn
417 2844 484 2924 ipsa
505 2844 680 2908 comoediae
701 2850 815 2909 natura
835 2845 932 2909 ferret
966 2861 1027 2906 non
1049 2843 1155 2906 cadem
1178 2842 1346 2906 severitate
1375 2861 1435 2923 qua
1459 2845 1489 2906 in

334 2943 505 3023 tragoediis
528 2944 629 3006 omnia
646 2944 717 3023 agi?
758 2944 821 3008 Sed
842 2963 880 3008 ne
902 2943 933 3006 in
955 2943 1003 3006 his
1020 2943 1144 3023 quidem
1159 2942 1216 3006 loci
1233 2941 1354 3022 desunt,
1378 2942 1491 3020 quibus

334 3042 442 3106 eadem
464 3050 604 3108 statuere
625 3043 769 3128 equidem
790 3062 853 3107 non
877 3044 999 3108 dubito.
1041 3043 1076 3107 In
1098 3041 1276 3106 Alcestis
1299 3060 1326 3104 v.
1345 3044 1401 3106 751
1427 3042 1492 3104 Ad-

334 3150 450 3206 metum
472 3143 577 3207 uxoris
599 3161 713 3223 corpus
737 3144 946 3207 exanimatum
964 3143 1002 3208 de
1024 3143 1111 3221 logeo
1131 3159 1187 3221 per
1202 3141 1392 3206 orchestram
1415 3144 1493 3207 edu-

335 3243 467 3307 cendum
488 3242 644 3307 curavisse
666 3261 701 3306 eo
721 3242 874 3324 probatur
895 3243 975 3327 quod
998 3243 1111 3307 chorus
1130 3258 1253 3304 carmen
1269 3241 1400 3321 lugubre
1420 3259 1492 3304 can-

336 3348 408 3405 tans
438 3344 602 3426 exsequias
634 3344 841 3426 prosequitur.
887 3345 949 3408 lam
980 3340 1207 3423 Geppertius2)
1236 3340 1315 3404 bene
1345 3340 1494 3403 disseruit

335 3443 418 3507 illam
441 3461 585 3525 pompam
605 3441 767 3506 funebrem
789 3443 1027 3524 splendidiorem
1050 3439 1280 3523 spectatoribus
1308 3440 1438 3519 speciem
1461 3439 1493 3503 in

335 3543 439 3625 ampla
473 3543 631 3607 orchestra
661 3560 756 3625 quarn
789 3543 821 3606 in
852 3550 985 3623 angusto
1024 3542 1113 3622 lugeo
1149 3538 1340 3622 praebuisse.
1382 3537 1494 3620 Neque

407 3766 433 3834 1)
451 3764 523 3819 idem
542 3765 643 3833 placuit
661 3765 858 3833 Droysenio
878 3765 987 3834 (p.57);
1007 3763 1292 3819 Schoenbornius
1311 3763 1428 3832 (pata),
1447 3762 1494 3829 qui

337 3852 449 3906 chorum
468 3851 575 3919 logeum
595 3850 747 3906 ascendisse
758 3853 901 3907 arbitratus
919 3853 960 3914 sit,
981 3853 1070 3905 omnia
1082 3851 1248 3919 depravavit.
1275 3850 1380 3917 Nempe
1398 3850 1494 3903 melius

336 3939 378 3992 illi
397 3940 441 3992 via
458 3954 512 4005 qua
529 3955 578 3992 nos
597 3938 720 3993 volumus
739 3941 766 3992 in
785 3946 884 3992 terram
900 3938 1013 3992 redituri
1026 3938 1204 4007 fingebantur,
1223 3938 1324 4005 quippe
1334 3952 1401 4002 cum,
1422 3934 1494 4002 quod

337 4041 399 4079 mox
417 4025 580 4092 videbimus,
608 4035 635 4079 et
660 4025 722 4079 aliis
747 4025 882 4079 Ranarnm
903 4025 970 4079 locis
994 4042 1044 4094 per
1066 4025 1233 4079 orchestram
1257 4025 1308 4077 iter
1335 4022 1368 4077 ad
1394 4023 1495 4075 inferos

337 4111 426 4166 tuerit.
462 4111 497 4164 Et
513 4113 639 4167 conferas
657 4111 840 4166 Albertum
859 4111 1068 4165 Muellerum
1086 4111 1103 4164 l.
1119 4112 1136 4165 l.
1156 4127 1182 4179 p.
1203 4109 1260 4162 165.

406 4204 433 4271 2)
451 4205 519 4258 iiber
539 4204 583 4259 die
605 4205 743 4273 Eiugdnge
770 4222 803 4258 zu
826 4204 885 4257 dem
910 4205 1101 4259 Proscaenium
1125 4204 1179 4259 und
1203 4203 1251 4257 der
1276 4201 1422 4257 Orchestra
1448 4201 1495 4255 des

338 4290 411 4345 alten
428 4291 616 4360 griechischen
635 4292 767 4345 Theaters
785 4290 891 4357 (Berlin
913 4290 987 4360 1842)
1005 4309 1030 4360 p.
1047 4293 1089 4345 45.
1382 4283 1385 4288 ’
