3225 5200
578 1327 780 1428 Index.
853 1444 856 1453 ,

630 1508 725 1515 -.——.-

155 1518 161 1525 '
1177 1529 1229 1568 raa·

94 1580 249 1639 Praefatio
268 1626 1117 1644 ..............
1172 1586 1238 1638 1-2

92 1670 171 1726 Pars
189 1669 282 1737 prior:
302 1670 335 1724 do
353 1687 451 1725 scaena
469 1673 663 1739 orchestraque
680 1672 778 1728 Graeci
795 1663 895 1728 theatri
914 1673 1082 1728 restituenda
1111 1716 1117 1729 .
1170 1675 1255 1729 3-27

167 1758 190 1812 1.
210 1763 303 1812 contra
320 1756 507 1811 Kaweravium
531 1798 1119 1816 ..........
1172 1761 1240 1813 3-9

167 1845 191 1906 2.
210 1860 264 1911 qua
278 1843 311 1896 de
326 1859 408 1897 causa
422 1845 612 1899 vetustioribus
625 1846 792 1912 temporibus
810 1852 865 1900 tam
886 1846 941 1899 alto
960 1851 987 1899 ct
1005 1852 1118 1913 angusto

235 1945 349 1984 scaenae
368 1930 473 1998 pulpito
492 1930 589 1985 Graeci
608 1932 649 1984 usi
668 1931 769 1985 fuerint

167 2018 191 2070 3.
212 2017 245 2070 de
261 2008 375 2070 scaenae
393 2017 510 2071 aditibus
524 2055 1119 2072 ..........
1158 2018 1257 2070 10-12

166 2106 191 2155 t.
209 2103 243 2156 de
262 2102 372 2171 parodis
397 2142 1118 2158 ............
1225 2103 1256 2156 13

167 2192 190 2241 5.
211 2205 339 2244 excursus
358 2189 391 2243 de
409 2190 525 2244 Vitruvii
545 2189 717 2257 Pollucisque
736 2189 790 2243 fide
852 2228 1118 2243 .....
1157 2189 1256 2242 13-15

168 2276 192 2328 6.
212 2274 245 2329 do
263 2274 398 2342 thymele:
465 2313 1118 2330 ...........
1157 2276 1256 2328 15-27
1331 2282 1333 2286 ’

237 2378 261 2414 a.
281 2361 315 2414 de
334 2361 481 2416 Godot'redi
503 2362 646 2416 Hermanni
665 2361 820 2417 orchestrae
837 2360 945 2429 pulpito
981 2402 987 2415 .
1047 2400 1053 2414 .
1111 2403 1117 2415 .
1155 2362 1257 2415 15-16

238 2448 263 2500 b.
282 2449 309 2501 iu
331 2446 509 2501 Wieselerum
529 2485 1118 2501 ..........
1159 2447 1258 2499 itt-24

176 2562 178 2566 ·
236 2549 258 2586 c.
284 2543 377 2586 nostra
396 2532 428 2585 de
447 2533 568 2602 thymele
586 2534 720 2586 sententia
788 2570 1118 2584 ......
1155 2532 1256 2584 25-27

97 2618 176 2675 Pars
194 2620 302 2674 altera:
321 2620 385 2687 quid
404 2635 437 2674 ex
454 2621 522 2688 ipsis
539 2620 639 2675 fabulis
659 2618 692 2673 de
711 2618 875 2673 Graecorum
893 2619 974 2673 rebus
993 2618 1121 2672 scaenicis

38 2697 41 2706 ’
237 2705 450 2760 concludendum
471 2708 534 2758 sit.
594 2746 600 2757 .
638 2748 639 2752 ,
660 2743 1119 2758 ........
1155 2704 1258 2757 28-58

170 2792 191 2843 1.
210 2791 309 2845 chorus
328 2791 355 2845 iu
374 2792 452 2859 logeo
527 2829 1120 2846 ..........
1155 2789 1257 2841 28-35

167 2876 191 2929 2.
211 2877 355 2930 histriones
375 2877 408 2930 de
426 2878 551 2940 logeoin
568 2877 732 2931 orchestram
751 2875 918 2930 descendunt
983 2917 989 2928 .
1048 2919 1054 2930 .
1113 2876 1259 2929 ‚35-40

167 2962 192 3015 3.
211 2963 354 3017 histriones
373 2980 422 3031 per
441 2963 558 3031 paredus
575 2964 688 3031 ingressi
705 2963 871 3017 orchestram
889 2966 1040 3017 transeunt:
1114 3001 1121 3015 .
1156 2962 1259 3015 ato-52

237 3065 260 3103 a.
281 3064 410 3103 unacum
430 3052 513 3103 choro
530 3050 661 3103 intrantes
722 3086 1120 3103 .......
1156 3047 1258 3100 40-43

238 3134 262 3188 b.
281 3135 326 3200 qui
346 3137 372 3187 in
391 3131 564 3202 ingrediendo
584 3136 675 3208 multis
692 3135 780 3189 verbis
799 3134 833 3188 de
852 3137 930 3202 iogeo
948 3133 1121 3188 salutantur.
1157 3134 1259 3185 43-45

238 3236 260 3273 c.
284 3235 397 3286 quorum
415 3222 550 3288 ingressus
568 3237 586 3275 a
603 3221 740 3274 choreutis
756 3220 947 3288 pronuntiatur
987 3258 993 3271 .
1050 3259 1056 3272 .
1115 3259 1121 3271 .
1158 3217 1260 3270 45-48

238 3304 263 3356 (1.
284 3306 329 3371 qui
348 3322 443 3373 magna
462 3323 562 3375 pompa
579 3307 741 3361 inducuntur
791 3344 1121 3360 ......
1157 3304 1259 3356 48-49

239 3406 262 3444 e.
283 3391 329 3456 qui
347 3390 482 3447 lecticulis
501 3392 680 3459 importantur
727 3433 732 3445 .
790 3433 796 3447 .
857 3432 863 3445 .
919 3430 925 3443 .
986 3432 991 3443 .
1051 3430 1057 3443 .
1114 3426 1120 3439 .
1157 3387 1261 3441 ‹te-50

238 3476 256 3529 i.
282 3475 403 3531 curribus
421 3477 465 3531 vel
484 3478 560 3547 equis
577 3478 742 3533 advehentes
790 3513 1123 3532 ......
1159 3475 1258 3528 50—51

240 3579 257 3630 g
283 3563 365 3617 scalis
385 3563 492 3631 logeum
511 3562 660 3619 ascendunt
723 3598 1123 3617 .......
1158 3564 1260 3613 iel—52

172 3650 196 3704 4.
214 3648 477 3704 histriones‘diutius
495 3650 577 3704 soiito
596 3650 623 3703 in
644 3649 783 3704 orchestra
802 3653 1015 3702 commorantur:
1053 3687 1058 3700 .
1118 3685 1124 3699 .
1159 3645 1261 3698 52-58

239 3749 266 3787 a.
284 3733 317 3787 de
337 3735 432 3789 Avium
452 3744 480 3789 et
496 3735 569 3789 Pluti
587 3735 664 3789 initio
729 3770 1125 3788 .......
1160 3733 1261 3785 52-53

240 3822 265 3873 b.
285 3820 319 3873 de
339 3820 474 3875 Ranarum
858 3858 1125 3873 .....
1160 3818 1262 3870 53-54

240 3922 263 3959 c.
287 3906 321 3960 de
339 3908 550 3961 Acharnensium
857 3943 1125 3960 .....
1160 3905 1262 3957 55-58

569 3828 593 3968 }
616 3880 646 3918 re
665 3864 789 3918 scaenica

539 4170 828 4181 ——————
