3225 5200
700 486 738 551 15

134 671 282 737 memoria
303 666 429 734 Polluce
453 669 592 746 vivente,
622 668 705 749 quali
735 668 766 732 in
793 683 907 730 scaena
937 684 1010 733 suas
1031 669 1151 748 egerint
1172 667 1292 733 fabulas

132 774 298 839 clarissimi
315 772 357 836 illi
371 769 522 850 Aeschyli,
540 767 718 848 Sophocles,
739 767 912 848 Euripides
935 767 973 832 de
991 769 1101 850 quibus
1113 770 1292 835 testimonia

133 878 272 935 veterum
302 870 487 948 scriptorum
517 865 601 929 baud
629 864 718 929 dubie
746 865 788 928 illi
818 872 947 946 praesto
977 867 1102 932 luerunt
1123 867 1146 945 ).
1189 869 1293 949 Atque

131 969 220 1049 ipsae
248 985 329 1050 quae
358 983 439 1030 nunc
468 969 592 1028 exstant
620 963 771 1046 reliquiae
802 963 1019 1027 demonstrant
1046 965 1138 1028 tertio
1168 966 1290 1031 dentium

131 1075 205 1148 post
233 1066 391 1132 Christum
423 1063 544 1129 saeculo
573 1062 748 1126 Phaedrum
779 1061 905 1144 Dionysi
937 1062 1051 1126 theatri
1080 1082 1221 1128 scaenam
1252 1066 1290 1130 ad

131 1169 341 1232 Romanorum
379 1183 466 1230 usum
503 1182 600 1243 paene
632 1163 770 1226 funditus
788 1159 1052 1241 commutasse&
1108 1164 1291 1230 Desinemus

130 1266 227 1346 igitur
250 1266 281 1327 in
304 1269 394 1328 tanta
417 1268 556 1327 veterum
587 1261 740 1326 derebus
770 1263 918 1327 scaenicis
939 1263 1185 1327 testimoniorum
1214 1283 1291 1346 pau·

130 1366 227 1430 nitate
248 1364 339 1428 nimis
357 1365 394 1428 iis
407 1362 549 1428 diffidere
568 1363 621 1443 qui
632 1362 871 1443 splendidissimi
888 1360 1016 1426 aedificii
1034 1363 1149 1427 rudera
1163 1370 1290 1429 nostrae

130 1461 303 1526 servabant
330 1462 510 1541 memoriae,
538 1462 591 1525 sed
620 1448 804 1525 studeamus*
826 1462 931 1541 potius
962 1462 1083 1526 illorum
1113 1464 1291 1528 testimonia

129 1580 199 1626 cum
222 1563 261 1626 iis
284 1580 363 1642 quae
393 1563 480 1642 ipsae
501 1560 626 1625 fabulae
652 1561 814 1641 postulant
833 1561 864 1624 in
886 1578 1068 1626 consensum
1095 1569 1292 1628 concentum·
1380 1640 1385 1649 δ

129 1679 191 1741 qne
213 1660 363 1740 redigere.

212 1801 297 1865 Haec
323 1800 419 1864 habui
449 1818 529 1881 quae
555 1799 594 1863 de
622 1799 691 1879 ipsa
722 1817 835 1863 scaena
863 1800 1042 1881 proteram.
1073 1803 1137 1865 lam
1169 1809 1289 1867 transe-

128 1917 218 1965 amus
244 1899 284 1964 ad
313 1898 505 1962 orchestram
532 1897 679 1978 chorique
706 1903 829 1977 partes,
860 1900 913 1980 qui
935 1915 995 1978 quo
1016 1898 1084 1963 loco
1107 1918 1163 1964 sua
1182 1901 1289 1981 egerit

130 2000 257 2066 »adbuc
285 2000 343 2064 snb
367 1999 472 2064 iudice
494 1999 536 2063 lis
559 2007 631 2063 cst«.
674 1998 752 2063 Nam
785 1997 967 2062 diffidebant
988 1997 1045 2062 viri
1076 1998 1158 2063 docti
1187 1999 1289 2063 Pollu-

128 2098 174 2163 cis
194 2098 298 2163 verbis
320 2097 385 2180 (IV,
410 2099 500 2178 ldsslz
531 2098 551 2181 ἡ
575 2096 675 2180 σκηνή
695 2100 756 2176 μὲν
777 2095 949 2178 ὑκοκρινῶν
971 2097 1071 2178 ἴδιον,
1097 2096 1175 2179 ήδὲ
1196 2096 1289 2185 ὀρχή-

129 2216 215 2279 στρα
237 2201 295 2261 τοῦ
314 2201 421 2280 χοροῦ,
444 2200 495 2280 qni
517 2197 641 2262 cborum
663 2198 695 2261 in
716 2197 877 2262 orchestra
895 2203 1072 2262 versantem
1094 2197 1287 2262 humiliorem

126 2314 185 2376 pro
208 2295 411 2361 histrionibus
439 2296 610 2361 obtinuisse
631 2295 730 2360 locum
761 2295 907 2360 arbitrati
935 2302 1016 2361 sunt.
1060 2295 1162 2373 Quare
1184 2295 1288 2360 Godo·

127 2395 236 2460 fredus
252 2395 454 2461 Hermannus
464 2398 489 2476 ³)
511 2395 623 2460 fabulis
645 2395 775 2476 agendis
798 2396 952 2477 pulpitum
976 2395 1131 2476 quoddam
1153 2393 1288 2475 ligneum

125 2492 159 2556 in
196 2492 281 2558 cbori
314 2512 402 2558 usum
433 2496 464 2558 in
503 2495 661 2563 orchestra
691 2499 885 2560 exstructum
918 2493 1015 2559 fuisse
1051 2494 1162 2573 voluit,
1199 2494 1288 2559 cuius

126 2590 241 2673 pulpiti
278 2591 474 2657 altitudinem
508 2592 589 2675 logei
619 2593 682 2660 solo
720 2593 786 2660 fere
818 2592 963 2676 aequavit
991 2593 1040 2657 vir
1066 2592 1194 2672 doctus,
1228 2609 1287 2671 quo

125 2697 222 2771 pacto
244 2689 364 2756 facilius
391 2691 558 2756 choreutae
586 2709 728 2755 scaenam
758 2693 927 2758 ascendere
948 2692 1135 2773 potuissent,
1163 2690 1287 2771 quoties

125 2788 601 2870 tabularumactiopostulasset.
620 2787 714 2854 (arins
724 2790 878 2870 opinionis
887 2795 1104 2869 argumentum
1114 2788 1164 2852 ille
1173 2787 1287 2853 Suidae

125 2894 160 2952 et
183 2888 388 2969 Etymologici
412 2886 515 2966 magni
540 2886 634 2950 verba
660 2885 768 2970 affert,
802 2906 884 2970 quae
912 2907 979 2954 cum
1009 2888 1050 2952 ad
1073 2887 1201 2951 verbnm
1221 2885 1287 2951 fere

125 2992 304 3067 congruant
321 3004 377 3067 pro
395 3003 455 3050 uno
474 2984 653 3049 testimonio
674 2983 817 3050 habenda
839 2992 921 3051 sunt.
961 2985 1073 3053 Suidae
1095 2985 1191 3050 verba
1211 2984 1288 3050 baec

123 3086 251 3167 sunt⁴):
280 3085 380 3168 σκηνή
406 3083 428 3168 ή
454 3092 539 3167 με’σή
564 3082 655 3166 θύρα
682 3086 741 3147 τοῦ
760 3084 914 3167 θεάτρου.
957 3082 1166 3171 παρασκήνια
1187 3083 1225 3148 δὲ
1245 3087 1287 3149 να

124 3185 227 3248 ἔνθεν
255 3184 309 3245 καὶ
338 3184 437 3246 ἔνθεν
464 3186 520 3265 τῆς
544 3191 646 3268 μέσής
667 3184 783 3265 θήρας.
834 3184 889 3248 ἵνα
908 3186 946 3248 δὲ
967 3194 1172 3269 σαφέστερον
1192 3186 1286 3268 εἴπω,

122 3284 210 3367 μετα
234 3285 294 3368 τήν
315 3283 436 3367 σκηνήν
458 3282 560 3357 edelric
580 3284 634 3346 καὶ
655 3285 698 3347 τα
720 3285 932 3371 παρασκήνια
953 3286 972 3371 ή
992 3286 1165 3370 ὀρχήστρα.
1203 3284 1286 3369 αὕτη

123 3387 165 3448 δέ
185 3385 276 3448 ἐστιν
297 3383 315 3446 ὁ
335 3383 436 3457 τόπος
456 3383 475 3447 o‘
493 3385 527 3447 ἐκ
550 3385 694 3448 σανίδων
710 3386 791 3464 ἔχων
808 3387 846 3449 ad
869 3388 1001 3470 ἔδαφος,
1023 3387 1082 3473 or'q'
1097 3377 1138 3451 οὗ
1154 3391 1287 3468 θεατρί-

121 3487 230 3568 ρονζιν
248 3482 279 3547 οἱ
299 3487 400 3565 μῖμον.
438 3486 509 3548 ἔστι
528 3486 613 3566 μετα
635 3484 696 3573 τήν
717 3483 903 3574 ὀρχήστραν
918 3490 1028 3570 βωμός
1043 3492 1102 3552 τοῦ
1116 3487 1286 3566 Διονύσου,

193 3766 220 3833 1)
237 3763 310 3818 idem
329 3762 434 3832 placuit
450 3762 624 3820 Kolstero
642 3764 660 3820 l.
678 3766 697 3820 l.
715 3784 741 3835 p.
760 3767 802 3821 ta.

191 3867 218 3938 2)
237 3868 271 3923 cf.
290 3866 537 3922 Kaweravium
555 3868 573 3922 l.
591 3869 610 3923 l.
629 3889 655 3940 p.
676 3871 749 3926 1738.

192 3970 220 4034 3)
240 3971 363 4040 opuscul.
382 3970 422 4025 VI
443 3974 514 4041 part.
532 3971 573 4035 ΙΙ,
600 3991 625 4042 p.
646 3973 760 4043 152sqq.
779 3975 807 4027 et
828 3990 915 4029 neue
938 3972 1031 4030 Iena.
1056 3974 1281 4031 Litteratur·

123 4055 203 4110 neit.
225 4056 309 4110 1843
334 4075 374 4110 nr.
400 4057 461 4122 147,
488 4074 514 4126 p.
538 4058 603 4124 597;
639 4075 720 4126 quem
746 4059 983 4116 Wecklenius
1011 4061 1158 4132 (Philolog.
1179 4062 1278 4128 XXXI,

122 4159 148 4210 p.
167 4141 229 4211 442)
246 4145 274 4197 et
293 4142 454 4200 Rohdius
475 4144 552 4211 (Mus.
571 4144 659 4199 Rhea.
677 4146 724 4208 38,
747 4164 773 4216 p.
791 4145 888 4216 257sq.
905 4148 999 4203 adnm.
1018 4147 1045 4214 2)
1065 4147 1149 4202 accub
1168 4152 1241 4205 eunt.

195 4244 225 4312 4)
245 4244 302 4300 fere
325 4247 422 4302 eadem
450 4247 538 4301 tradit
560 4246 858 4319 Elymninragn.
882 4251 927 4320 (cf.
952 4252 1099 4306 Alberti
1124 4252 1281 4307 Mueller

123 4330 141 4382 l.
161 4329 179 4384 l.
198 4347 225 4400 p.
247 4332 297 4385 132
315 4333 378 4387 adn.
396 4334 423 4402 2)
442 4336 471 4388 et
488 4333 690 4390 Favorinus
707 4354 727 4390 s.
746 4354 771 4392 v.
789 4339 873 4406 σκηνή.
