3225 5200
657 500 697 567 35

99 685 231 750 Demum
267 703 296 749 r.
330 684 406 747 1021
442 700 520 746 anus
556 683 586 745 in
617 680 806 745 orchestram
838 681 1045 763 descendunt,
1081 688 1117 746 ut
1148 700 1255 763 pacem

99 804 165 850 curn
194 785 319 849 senibus
344 784 469 862 faciant,
493 783 546 864 qui
573 788 644 862 post
666 780 883 847 versom1188
905 780 1026 861 logeum
1049 783 1255 867 ascendunt1)

98 891 130 950 et
158 889 234 949 ante
263 884 342 948 arcis
362 888 497 963 portam,
522 899 604 963 quae
626 882 657 945 in
679 899 791 944 scaena
810 880 883 945 ficta
906 888 965 959 est,
979 883 1170 965 consistunt,
1193 903 1256 968 quo
1312 943 1314 948 ,

99 985 163 1049 loco
196 985 267 1048 inde
294 1002 314 1046 a
340 966 430 1048 ve'rsu
459 982 532 1045 libi
562 999 631 1045 cum
660 981 793 1044 ianitore
819 981 973 1064 colloquia
1002 981 1129 1064 faciunt,
1159 984 1257 1049 donec

98 1085 128 1147 in
162 1082 227 1148 fine
260 1082 384 1147 fabulae
421 1100 489 1145 cum
532 1081 793 1160 Lacedaemoniis,
834 1080 1082 1161 Atheniensibus,
1117 1084 1257 1148 omnibus

98 1182 281 1249 mulieribus
308 1185 396 1263 logeo
425 1182 531 1245 relicto
559 1199 616 1260 pen
637 1179 829 1244 orchestram
852 1180 965 1256 ἔξοδον
986 1186 1151 1248 cantantes
1171 1201 1257 1264 egre-

99 1283 235 1347 diuntur.

180 1383 215 1446 In
247 1380 754 1461 Thesmophoriazusanum
785 1397 814 1440 v.
838 1380 898 1442 295
927 1378 1072 1461 chorum,
1105 1381 1158 1463 qui
1189 1399 1258 1445 curn

98 1482 302 1546 histrionibus
332 1499 403 1545 suas
430 1484 536 1561 partes
574 1480 759 1543 coniunctim
788 1485 873 1558 agat,
901 1479 931 1542 in
961 1479 1050 1558 logeo
1077 1480 1259 1560 apparuisse

99 1601 205 1646 omnes
232 1582 289 1645 viri
306 1580 401 1643 docti
429 1598 487 1660 pro
515 1585 598 1643 certo
629 1579 799 1655 affirmant,
818 1585 915 1661 atque
936 1598 1005 1642 eum
1029 1599 1056 1642 v.
1076 1582 1135 1642 655
1157 1580 1187 1642 in
1210 1597 1259 1642 or·

99 1682 255 1746 chestram
293 1699 326 1743 se
360 1677 528 1744 contulisse
565 1678 814 1743 Schoenbornius
847 1679 974 1761 (p306)
997 1679 1074 1759 bene
1101 1679 1258 1743 disseruit.

101 1780 473 1844 Ecclesiazusarum
503 1778 609 1845 fabula
631 1779 760 1843 eandem
783 1778 847 1842 fere
869 1778 998 1859 praebet
1018 1780 1146 1860 speciem
1168 1799 1260 1862 quam

100 1878 457 1960 Thesmophoriazusae‚
484 1897 552 1942 cum
581 1879 629 1943 hic
657 1897 780 1962 quoque
810 1877 921 1942 chorus
949 1879 1109 1962 quandam
1131 1880 1260 1943 actionis

98 1984 220 2059 partem
244 1980 427 2060 susceperit,
457 1998 518 2059 quo
545 1978 590 2060 lit,
612 1984 647 2043 ut
669 1980 808 2058 singulae
830 1978 1066 2042 chori-feminae
1087 1996 1114 2041 v.
1133 1980 1173 2042 30
1193 1997 1262 2061 sqq.

100 2079 130 2141 in
157 2080 225 2159 ipso
248 2080 337 2158 logeo
360 2080 391 2143 in
427 2084 631 2159 conspectum¹
653 2079 788 2142 veniant.
831 2079 866 2141 In
896 2079 994 2157 ipsam
1024 2077 1115 2142 huius
1142 2078 1263 2161 fabulae

100 2180 251 2244 actionem
278 2180 455 2243 accuratius
484 2179 641 2261 inquirere
667 2195 930 2259 supervacaneum
958 2185 1015 2256 est,
1036 2179 1183 2261 quoniam
1205 2178 1263 2243 hac

100 2279 130 2342 in
151 2298 186 2342 re
205 2280 283 2343 satis
306 2296 430 2358 operam
453 2280 646 2358 consumpsit
664 2277 911 2343 Schoenbornius
935 2278 979 2359 (p.
999 2279 1059 2342 329
1069 2277 1166 2361 sqq),
1188 2298 1263 2361 quo·

101 2399 170 2444 curn
194 2379 319 2443 chorum
344 2398 371 2441 v.
391 2380 450 2443 285
473 2379 504 2442 in
527 2378 721 2442 orchestram
744 2378 902 2443 deducam.

184 2479 250 2542 Iam
274 2478 347 2541 mihi
367 2479 515 2543 concedes
539 2496 598 2542 non
622 2497 694 2542 raro
715 2477 791 2559 lieri,
815 2485 849 2542 ut
870 2478 983 2543 chorus
1005 2480 1034 2542 in
1056 2481 1144 2559 logeo
1157 2497 1263 2562 quarn·

100 2580 147 2643 ris
185 2578 225 2643 ad
264 2585 386 2659 tempus
425 2585 637 2645 commoretur.
681 2579 788 2659 Neque
817 2598 892 2644 vero
920 2597 937 2643 e
966 2580 1120 2644 contrario
1149 2581 1264 2646 desunt

100 2679 157 2742 loci
195 2678 307 2761 quibus
346 2678 511 2743 histriones
546 2680 611 2742 sive
640 2678 691 2759 qui
719 2697 788 2743 cum
818 2678 912 2744 choro
943 2681 1126 2745 coniunctim
1156 2685 1263 2760 partes

100 2785 201 2859 agunt
228 2779 293 2842 sive
322 2780 374 2861 qui
396 2798 450 2859 per
472 2779 608 2859 parodos
634 2779 837 2859 egrediuntur
859 2779 896 2843 de
913 2780 1000 2857 lugeo
1017 2782 1048 2843 in
1072 2779 1263 2844 orchestram

101 2878 324 2942 descendentes
362 2879 572 2942 inveniuntur.
606 2879 649 2946 ¹ln
685 2878 901 2959 Aristophanis
929 2880 1040 2956 Pace,
1066 2885 1100 2944 nt
1136 2879 1262 2943 chorum

101 2977 220 3043 duobus
246 2979 319 3042 locis
349 2979 378 3042 in
402 2996 514 3042 scaena
537 2984 711 3043 versantem
737 2979 928 3058 videbamus,
951 2980 995 3043 ita
1018 2980 1193 3059 Trygaeum
1216 2977 1263 3040 bis

101 3077 139 3142 de
172 3077 258 3158 logeo
288 3079 318 3141 in
353 3077 544 3141 orchestram
579 3097 612 3142 se
641 3079 807 3143 contulisse
841 3085 1024 3144 statuamus.
1074 3078 1171 3155 Quem
1199 3077 1263 3157 pri-

100 3196 184 3241 mum
214 3168 339 3260 quidem
371 3197 399 3240 v.
417 3179 476 3241 rat
502 3197 570 3241 cum
594 3178 715 3242 duabus
737 3179 796 3243 diis
820 3179 858 3242 de
879 3179 963 3244 caelo
983 3180 1013 3242 in
1033 3184 1149 3242 terram
1172 3176 1261 3240 rede-

101 3284 204 3343 untem
220 3277 312 3342 scalis
329 3277 388 3341 illis
409 3278 439 3339 in
469 3277 662 3342 orchestram
692 3278 888 3342 descendisse
911 3277 1078 3342 scholiasta
1100 3276 1146 3340 his
1160 3275 1262 3339 verbis

102 3473 228 3528 liashae
253 3474 286 3528 ad
307 3491 331 3527 V.
351 3473 400 3526 321
425 3473 507 3527 haec:
531 3474 576 3524 νῦν
596 3478 664 3526 ἔστιν
682 3473 814 3543 ἦμιχόριον
832 3476 860 3525 td
880 3475 951 3538 λέγον
970 3479 995 3525 a
1012 3472 1135 3540 γυναικῶν
1153 3476 1262 3542 εἰσερχο-

102 3567 182 3619 aaron
205 3562 317 3622 ἄνωθεν,
339 3562 381 3610 ἵνα
405 3562 445 3611 καὶ
472 3563 498 3611 ιδ
522 3561 588 3632 ὕδωρ
612 3561 697 3612 αὐτῶν
712 3568 868 3627 nacoliam
887 3561 996 3614 ἄνωθεν,
1032 3563 1060 3612 τὸ
1079 3561 1109 3612 ds'
1124 3561 1185 3610 ἄλλο
1202 3559 1264 3627 ἡμι-

102 3650 186 3716 χόριον
205 3650 230 3703 ἐξ
247 3648 347 3716 ἄνδρων
366 3648 483 3698 κάτωθεν
502 3650 674 3717 ἐπερχομένων
694 3658 750 3706 ταῖς
767 3651 793 3698 ἕν
812 3647 847 3720 τῇ
871 3648 1002 3718 ἀκροπόλει
1019 3652 1053 3707 εἰς
1070 3650 1222 3718 πολιορκίαν.

173 3733 200 3799 l)
219 3734 291 3786 idem
316 3734 410 3786 statuit
428 3733 711 3796 Schoenbornius
731 3738 770 3800 ip.
781 3733 843 3801 301)
867 3733 900 3786 de
920 3735 1062 3788 mulierum
1081 3734 1171 3796 choro,
1192 3732 1263 3800 quod

105 3819 228 3886 equidem
259 3820 407 3876 concedere
435 3835 549 3887 nequeo,
579 3836 639 3872 curn
664 3820 791 3873 mulieres
817 3835 924 3873 carmen
949 3820 1041 3886 viginti
1060 3827 1120 3873 octo
1139 3834 1263 3873 versuum
1354 3868 1357 3873 .

105 3910 153 3971 (rr.
171 3905 331 3968 MSS-1215}
361 3908 388 3960 in
422 3907 559 3959 orchestra
588 3905 720 3959 cecinisse
749 3908 806 3959 veri
835 3905 998 3960 simillimum
1025 3907 1066 3959 sit.
1103 3906 1172 3961 Tum
1194 3921 1264 3972 quae

104 3999 252 4059 sequuntur
270 3991 414 4061 (usquead
431 4008 537 4046 versum
549 3992 628 4055 1239)
647 3998 710 4045 ante
723 4001 815 4060 portas
832 3993 901 4046 arcis
920 3994 1025 4047 clausas
1044 4000 1160 4061 aguntur
1176 4008 1264 4059 neque

105 4078 138 4133 de
163 4097 239 4134 mora
264 4078 386 4146 quadam,
412 4096 491 4146 quarn
515 4078 563 4132 ille
586 4086 648 4145 post
670 4096 774 4133 versum
785 4079 852 4131 1216
869 4080 966 4148 posuit,
985 4079 1130 4146 quidquam
1147 4079 1208 4146 ipsa
1227 4080 1264 4131 f-

104 4165 167 4221 bula
192 4168 279 4222 docet.
315 4166 493 4230 Quamobrem
519 4166 660 4218 maluerim
687 4181 754 4219 anus
778 4173 842 4232 post
866 4166 1046 4219 versuml216
1070 4179 1119 4232 per
1143 4164 1264 4219 dextram

105 4253 234 4319 parodum
254 4255 360 4322 exiisse,
380 4260 410 4307 ut
427 4258 489 4321 post
499 4266 620 4306 scaenam
639 4267 668 4304 se
685 4251 848 4319 conferrent,
867 4258 947 4317 atque
966 4251 1144 4319 Lysistratem
1162 4252 1264 4306 v.1273

105 4347 208 4395 secutas
228 4341 323 4395 eodem
342 4339 422 4393 modo
445 4357 498 4407 quo
509 4346 613 4393 ceteros
632 4339 659 4391 in
671 4338 835 4392 orchestram
847 4338 1040 4393 descendentes
1058 4354 1178 4406 egressas
1196 4355 1264 4393 esse.

1095 4427 1136 4494 a*
