3225 5200
887 483 939 575 Ἰ50

342 664 469 741 siderat,
497 660 551 727 sed
581 662 611 724 in
639 659 718 724 Oeta
750 665 855 724 monte
891 667 981 725 extra
1008 679 1150 726 scaenam
1174 661 1233 724 sito
1257 665 1387 725 mortem
1410 660 1500 724 obire

341 763 530 844 concupiscit
564 759 618 839 (ci.
647 761 760 823 ulle!
802 758 886 841 sqq).
929 761 962 823 ln
995 759 1229 824 Baccharum
1265 761 1386 824 cleon
1416 757 1500 823 Cad-

342 879 408 925 mus
447 858 646 942 progreditur
678 878 745 922 cum
774 859 924 923 ministris
952 860 1005 940 qui
1031 861 1201 923 laceratum
1230 860 1358 924 Penthei
1384 876 1501 940 corpus

342 966 372 1024 in
399 959 540 1023 lecticula
564 965 767 1038 parumper
788 957 930 1021 dextram
952 968 1100 1039 quantum
1123 959 1210 1022 video
1235 960 1394 1038 parodum.
1440 958 1501 1035 Qui

340 1061 407 1141 ipse
440 1077 473 1133 se
502 1077 538 1122 ex
570 1056 709 1122 Cithaeri
746 1058 859 1120 montis
897 1058 982 1122 silvis
1010 1060 1157 1122 advenire
1186 1060 1260 1123 dicit
1282 1057 1501 1143 (0111808)

342 1167 375 1222 et
406 1158 510 1222 multis
539 1163 667 1221 enarrat
697 1158 808 1236 uerbis,
836 1175 897 1237 quo
926 1157 1017 1221 modo
1045 1157 1174 1223 Penthei
1202 1177 1313 1239 corpus
1338 1160 1500 1222 invenerit.

343 1260 444 1338 Atque
475 1259 557 1320 inter
583 1257 659 1321 haec
687 1256 782 1320 verba
815 1260 921 1346 Agaue
950 1276 1046 1338 prope
1076 1259 1196 1323 domum
1223 1260 1339 1338 regiam
1362 1260 1500 1337 inlogeo

342 1365 407 1422 stat
428 1357 478 1438 (cl.
502 1377 530 1419 v.
546 1361 623 1421 1202
635 1356 725 1437 sqq),
747 1373 838 1436 quam
857 1355 992 1421 Cadmus
1015 1357 1137 1421 demum
1160 1359 1500 1439 viauoconspicatur:

463 1457 522 1543 τι)ν
544 1457 572 1517 δ’
596 1448 671 1518 εἶπε
692 1461 739 1528 τίς
757 1478 812 1535 μοι
833 1455 928 1534 δεῦρο
948 1461 1089 1538 βακχείῳ
1110 1457 1188 1519 ποδὶ

466 1555 765 1638 cureperiuntur.
807 1555 877 1619 ou’d'
896 1554 1029 1635 ἄκραντ’
1052 1557 1245 1643 ἠκούσαμεν.

464 1655 593 1721 λεύσσω
609 1657 669 1742 γάρ
690 1656 787 1742 αὐτῆς
809 1651 890 1746 ὄψιν
911 1657 968 1720 uria
989 1657 1177 1739 εὐδαίμονα,

342 1756 419 1821 haec
448 1758 552 1839 itaque
582 1759 676 1822 verba
707 1759 756 1823 ubi
789 1760 972 1841 pronuntiat
1006 1759 1037 1823 in
1065 1758 1189 1839 logenm
1220 1775 1291 1821 eum
1322 1756 1500 1837 pervenisse

342 1864 474 1936 apparet
486 1854 517 1938 ¹).
1257 1867 1261 1873 ·
1293 1915 1295 1917 ,

424 1955 486 2019 Eos
501 1957 568 2037 ,qui
599 1976 690 2022 curru
717 1959 763 2022 vel
796 1978 876 2043 equo
905 1960 1049 2024 sedentes
1077 1960 1109 2023 in
1138 1962 1334 2038 conspectum
1360 1955 1501 2018 venerint

343 2073 402 2118 non
426 2057 524 2136 ipsum
547 2056 668 2136 logeum
690 2060 825 2123 intrasse
854 2060 984 2142 quisque
1013 2059 1174 2138 concedet,
1202 2056 1283 2137 quod
1307 2074 1344 2120 ue
1365 2054 1499 2120 Schoen-

345 2154 472 2218 hornins
504 2156 629 2236 quidem
659 2160 794 2238 negavit,
829 2160 881 2239 qui
912 2178 1041 2239 perraro
1073 2164 1196 2222 tantum
1225 2175 1281 2239 per
1307 2155 1498 2221 orchestram

345 2252 515 2319 histriones
551 2256 683 2321 indurat.
725 2259 788 2322 lam
824 2259 1004 2322 videbamus
1039 2259 1082 2339 (in
1109 2275 1178 2338 pag.
1199 2254 1250 2338 48)
1287 2256 1438 2319 ismenem
1468 2255 1497 2316 in

343 2353 498 2435 Oedipo
536 2354 704 2420 Colonen
729 2357 782 2440 ,(ι.
797 2360 870 2440 310)
910 2357 1041 2440 equuleo
1075 2357 1236 2440 sedentem*
1270 2356 1301 2418 in
1339 2353 1498 2418 orchestra
1585 2408 1586 2443 ᾗ

345 2454 536 2533 apparuisse,
552 2462 648 2534 atque
669 2457 800 2520 idemde
822 2459 934 2522 Xerxis
957 2459 1097 2537 ingressu
1119 2458 1149 2520 in
1170 2458 1384 2520 Persarum
1397 2471 1425 2516 v.
1438 2454 1498 2517 880
1585 2454 1586 2499 t

343 2559 528 2633 statuamus,
551 2573 641 2637 quern
665 2574 731 2620 curn
760 2555 930 2637 Geppertio
953 2561 997 2638 lp.
1013 2557 1064 2638 87)
1088 2574 1143 2637 per
1165 2557 1322 2620 sinistram
1345 2552 1497 2636 parodum

343 2653 538 2717 introducam
567 2655 786 2734 provehentem
816 2663 948 2740 σκηναῖς
976 2656 1220 2739 τροχηλάτοισιν
1248 2655 1298 2737 (cf.
1321 2674 1347 2718 v.
1360 2652 1498 2730 971172),

343 2769 421 2831 quas
446 2753 640 2819 teudofredus
670 2755 902 2837 Hermannus²)
931 2764 1132 2838 »carpentum
1160 2760 1206 2822 uel
1235 2757 1497 2820 hurmumoxom«
1584 2831 1585 2836 ἵ

342 2852 439 2917 fuisse
473 2856 588 2935 optime
622 2856 778 2920 disseruit.
822 2860 925 2938 Atque
962 2858 1242 2938 Clytaemnestram
1276 2857 1308 2919 in
1340 2854 1499 2935 Euripidis

342 2952 537 3019 Electrae
558 2974 586 3019 u.
602 2960 672 3035 987,
693 2958 821 3021 eandem
845 2958 876 3021 in
899 2958 1131 3038 Iphigeniae
1153 2955 1380 3020 Aulidensis
1401 2958 1498 3019 uuili
1582 3034 1585 3047 ἲ

413 3186 437 3251 1)
465 3185 536 3239 idem
563 3187 650 3241 voluit
675 3189 892 3257 Geppertius
922 3189 937 3243 l.
964 3190 980 3243 l.
1004 3207 1029 3258 p.
1044 3190 1082 3244 18.
1117 3188 1212 3255 Neque
1240 3186 1364 3255 equidem
1394 3184 1499 3248 dubito,

343 3271 409 3339 quin
429 3274 457 3325 et
482 3271 578 3342 Agaue
603 3279 686 3343 caput
713 3274 762 3327 filii
787 3292 892 3329 summo
916 3276 1011 3344 thyrso
1030 3276 1141 3328 infixum
1162 3289 1261 3343 gerens
1282 3272 1384 3326 arrae
1403 3271 1498 3324 endem
1584 3279 1585 3302 ¹

344 3358 387 3409 via
405 3375 459 3426 qua
478 3358 594 3413 Cadmus
613 3361 778 3430 apparuerit,
798 3380 858 3414 cum
879 3371 907 3415 et
926 3379 958 3417 ea
973 3363 1101 3416 Cithaero
1120 3361 1243 3431 profecta
1261 3359 1297 3412 sit
1315 3359 1359 3428 (cf.
1377 3376 1401 3411 v.
1412 3355 1499 3420 1166).

342 3442 417 3507 Quae
435 3461 494 3498 cum
511 3445 594 3498 choro
613 3463 661 3514 per
678 3446 796 3515 triginta
813 3466 906 3502 versus
924 3448 1097 3516 colloquitur.
1116 3452 1266 3514 antequam
1282 3444 1390 3513 logeum
1409 3460 1498 3498 aseen-

342 3529 409 3582 dens
425 3537 461 3598 (v.
474 3530 549 3599 1200)
569 3531 690 3599 quaerit:

536 3618 585 3669 mol
602 3640 645 3679 μοι
663 3622 750 3688 πατήρ
768 3620 918 3689 ὁπρέοβιν;
941 3623 1038 3673 ἐλθέτω
1056 3621 1142 3679 πέλας.

411 3704 437 3773 2)
455 3705 483 3756 in
502 3704 630 3775 Aeschyli
652 3707 717 3760 edit.
742 3712 807 3760 tom.
820 3707 854 3770 ll,
872 3726 897 3777 p.
910 3707 960 3761 258
979 3707 1015 3760 nd
1033 3725 1057 3760 v.
1075 3708 1176 3771 arula.
1214 3707 1251 3760 De
1270 3705 1386 3760 introitu
1403 3706 1498 3761 Xerxis

343 3789 386 3842 vir
409 3791 574 3846 clarissimus
597 3792 665 3847 haec
694 3792 800 3863 profert
823 3794 1007 3861 (881886)
1034 3793 1145 3863 »prodit
1165 3794 1280 3855 Xerxea,
1298 3795 1372 3862 repio
1393 3800 1500 3858 ornatu,

344 3894 402 3931 cum
420 3877 591 3941 satellitibus,
611 3896 724 3948 quorum
740 3897 811 3934 uuus
829 3887 941 3943 vestm,
966 3896 1046 3949 quom
1064 3882 1093 3933 iu
1111 3879 1178 3934 hello
1195 3886 1362 3949 perterreret,
1381 3886 1500 3933 marma
1583 3929 1584 3932 ,

344 3969 419 4016 tenet.
456 3965 520 4018 Non
539 3965 609 4019 caim
627 3966 790 4035 squallidum
810 3975 835 4021 et
855 3969 971 4021 lacerum
990 3966 1140 4035 producere
1156 3967 1330 4034 Aeschyleum
1350 3971 1396 4019 eal.
1433 3965 1499 4018 Ideo
1583 3991 1584 4034 p

343 4056 485 4104 monuerat
502 4051 609 4105 Darius
626 4056 767 4118 Atossam,
794 4061 825 4108 ut
842 4055 904 4122 fillo
926 4053 1037 4122 elipaum
1057 4058 1183 4106 ornatum
1198 4052 1292 4118 serena
1309 4052 1416 4106 obviam
1435 4053 1499 4104 iret:

345 4137 418 4204 quod
441 4138 549 4204 factum
575 4154 630 4192 eoae
659 4147 738 4194 rutra
756 4157 880 4195 scaenam
900 4147 1023 4209 apparet.
1065 4139 1154 4192 Aliter
1176 4139 1231 4191 ista
1257 4138 1290 4190 cle
1308 4144 1378 4191 ueste
1397 4139 1501 4192 Xeroeia

344 4227 464 4279 lacerata
491 4225 579 4293 inepte
599 4225 673 4279 dieta
697 4233 803 4280 esseut«
848 4227 922 4290 Quae
942 4223 1226 4281 Schoenhornius
1245 4221 1289 4292 (μ’
1303 4223 1351 4277 195
1369 4226 1418 4291 sq.)
1439 4240 1500 4277 con·

345 4316 389 4366 tra
406 4313 475 4365 haec
494 4312 623 4381 disputat
640 4314 743 4366 nullius
762 4315 893 4368 momenti
913 4316 985 4366 sunt.
