3225 5200
763 457 783 516 5

189 642 254 699 tum
267 635 409 715 tradidit,
420 639 454 699 ut
467 653 528 698 non
542 631 641 697 solum
655 650 777 711 caveae,
793 630 846 696 sed
859 647 988 695 scaenae
1002 630 1112 694 domus
1124 636 1157 694 et
1168 631 1249 697 illius
1266 635 1346 697 muri

188 737 315 799 formam
329 753 365 799 ac
376 735 505 816 speciem
517 732 649 796 dilucide
660 733 834 812 perspicere
845 731 1010 811 possimus.
1033 729 1221 815 Hioquoque
1233 732 1345 797 Katre-

189 836 273 898 ravio
290 841 426 898 testante
439 833 470 916 (l.
480 833 499 897 l.
510 852 539 913 p.
551 832 642 912 1739)
658 831 724 895 alae
741 837 868 894 exstant
878 836 1103 912 procurrentes,
1118 832 1223 911 quales
1233 832 1264 894 in
1274 833 1346 896 Dio-

188 935 254 1014 nysi
266 933 389 997 theatro
405 935 587 1012 invenimus,
610 933 667 995 nisi
692 931 772 1012 quod
794 930 854 994 hae
876 932 977 994 minus
992 932 1188 1011 promineant
1204 939 1236 995 et
1251 951 1345 997 unum

189 1042 322 1115 utraque
337 1034 453 1097 aditum
470 1031 642 1113 praebeant
658 1033 687 1095 in
702 1033 901 1095 orchestram.
937 1032 1043 1110 Neque
1059 1031 1148 1095 deest
1164 1031 1216 1094 ille
1231 1050 1345 1114 muruS,

188 1153 275 1214 quem
292 1135 505 1214 proscaenium
523 1133 723 1196 Kaweravius
739 1138 838 1211 vocat,
853 1133 936 1194 intra
953 1130 1020 1195 illas
1035 1130 1101 1197 alhs
1115 1137 1271 1205 extensus,
1293 1135 1345 1213 qui

188 1231 1345 1316 compluribuscolumnisadornatusmediolocomagnamex'hibetianuam.

188 1332 389 1426 Altitudinem
412 1335 501 1398 huius
527 1334 617 1410 muri,
647 1334 700 1413 qui
729 1331 862 1395 frontem
891 1332 1001 1412 pulpiti
1030 1333 1190 1396 cuiusdam
1212 1332 1345 1415 conficit,

188 1434 402 1515 Doerpfeldius
419 1435 537 1497 invenit
552 1433 663 1513 pedum
679 1432 888 1496 Romanorum
904 1432 968 1495 fere
982 1432 1152 1511 duodecim,
1164 1434 1260 1512 ipsius
1277 1431 1346 1512 pul·

187 1537 243 1617 pili
258 1534 450 1598 latitudinem
466 1533 577 1614 pedum
589 1533 653 1596 iere
666 1550 786 1613 novem,
807 1550 887 1613 qnae
904 1532 981 1596 bene
993 1532 1151 1611 quadrant
1160 1532 1200 1595 ad
1211 1531 1345 1595 Vitruvii

188 1634 283 1698 verba
296 1635 345 1715 (V,
356 1639 384 1715 8,
396 1635 451 1714 2):
475 1635 544 1698 edas
567 1633 644 1715 loper'
656 1633 678 1715 ¹)
696 1633 831 1697 altitudo
850 1653 913 1696 noa
927 1634 1033 1696 ruinas
1049 1632 1135 1696 dehet
1151 1652 1218 1696 esse
1229 1633 1346 1712 pedam

188 1733 300 1814 decem,
328 1756 390 1798 aon
412 1734 487 1814 plus
514 1734 685 1799 duodecim.
728 1733 873 1796 Eiusdem
900 1731 965 1796 iere
992 1732 1104 1811 speciei
1128 1732 1342 1811 proscaenium
1415 1769 1417 1772 >

188 1833 283 1914 Oropi
313 1833 503 1916 theatrum2)
535 1833 661 1897 exhibet
687 1833 834 1897 columnis
864 1838 1046 1895 exornatum
1076 1848 1155 1911 quas
1185 1831 1346 1912 appellant

191 1933 304 1998 doricis
324 1932 493 2013 iisdemque
516 1934 575 1996 alis
591 1932 751 2010 inclusum,
770 1933 850 2013 quod
874 1926 974 1995 medio
994 1931 1202 2011 locopraebct
1221 1932 1345 1995 ianuam

188 2052 281 2114 snpra
304 2051 366 2113 qua
387 2035 536 2114 inscripta
559 2032 704 2096 mutilata
725 2032 800 2095 haec
822 2031 916 2095 verba
937 2031 1100 2110 leguntur:

188 2136 519 2198 ΓΩΝΟΘΕΊἩΣΑΣ
530 2139 585 2198 TO
595 2136 891 2196 ΠΡΟΣΚΗΝΙΟΝ
896 2136 972 2193 ΚΑΙ
983 2136 1073 2194 ΤΟΥ
1072 2136 1100 2194 Σ
1109 2130 1345 2210 ΠΙΝ(ΑΚΑΣ).

269 2251 362 2315 Hisce
400 2249 605 2315 monumentis
641 2267 770 2314 scaenae
806 2248 915 2312 domus
943 2248 1039 2312 'nobis
1069 2256 1244 2330 servantur,
1274 2266 1344 2312 nam

188 2357 294 2417 cetera
323 2351 514 2417 Graecorum
544 2349 671 2414 theatra
690 2357 802 2431 postea
826 2367 845 2412 a
867 2349 1017 2412 Romanis
1039 2353 1228 2412 commutata
1250 2348 1345 2415 fuisse

187 2453 353 2532 constat3).
397 2451 533 2517 Tandem
556 2470 630 2514 vero
652 2469 851 2533 quaeramus,
874 2450 947 2530 quid
969 2468 1007 2512 ex
1029 2448 1077 2511 his
1100 2447 1344 2512 concludendum

188 2553 238 2616 sit.
267 2551 449 2616 Kawerario
478 2552 599 2633 quidem
628 2552 745 2633 placuit
766 2551 849 2616 illum
871 2549 983 2631 pulpiti
1009 2567 1140 2629 murum,
1162 2548 1211 2613 cui
1234 2566 1343 2612 nomen

187 2654 360 2734 proscaenii
389 2653 486 2731 dedit,
517 2654 613 2734 ipsius
640 2672 769 2718 scaenae
799 2652 896 2716 fuisse
921 2649 1053 2713 frontem
1074 2668 1164 2730 quam
1187 2641 1344 2713 nostrates

189 2753 564 2819 »Bdhhcnhialerroond«
592 2760 712 2833 vocant,
734 2759 766 2816 ot
788 2760 861 2815 ante
883 2769 960 2829 eam,
983 2751 1012 2814 in
1037 2750 1196 2813 orchestra
1217 2750 1343 2827 scilicet,
1418 2777 1421 2784 »

187 2852 355 2917 histriones
384 2872 445 2918 una
476 2871 543 2917 cum
574 2853 665 2920 choro
695 2852 816 2917 fabulas
847 2853 958 2932 egisse.
1001 2851 1045 2915 hc
1065 2852 1196 2932 primum
1219 2848 1344 2929 quidem

186 2952 404 3017 Kaweravium
434 2954 481 3017 sui
510 2954 609 3033 ipsum
631 2954 845 3017 adversarium
868 2970 935 3016 esse
956 2951 1056 3032 primo
1078 2950 1188 3013 obtutu
1209 2948 1344 3012 videbis:

189 3070 324 3134 quanam
356 3052 507 3116 derauso
536 3070 666 3116 scaenae
691 3052 823 3116 frontem
845 3053 956 3116 statuit
972 3050 1122 3114 columnis
1146 3050 1273 3129 aliisque
1294 3067 1344 3111 or-

187 3151 340 3214 namentis
381 3151 556 3215 decoratam
590 3151 692 3231 fuisse,
729 3171 821 3233 quam
862 3156 958 3215 totam
988 3150 1151 3228 obtegeret
1180 3149 1233 3211 illa
1265 3168 1343 3212 >aas

187 3251 354 3315 Holawerlr
384 3252 451 3316 aad
476 3250 673 3331 ,Leinemoad
706 3252 869 3316 errr'ehlcte
900 3249 1134 3315 Decolor-aad
1175 3249 1239 3311 Iam
1276 3248 1344 3327 ipsa
1443 3265 1446 3270 ·

187 3350 302 3413 theatri
324 3349 419 3431 Oropi
446 3351 604 3431 inscriptio
632 3352 724 3431 plane
741 3351 937 3415 demonstrat
962 3350 1044 3413 illam
1067 3350 1199 3411 frontem
1224 3364 1344 3426 semper

188 3455 262 3511 ante
292 3450 426 3513 omnium
459 3450 562 3514 oculos
596 3456 735 3531 apertam
770 3449 872 3514 fuisse.
915 3449 1021 3529 Neque
1049 3466 1142 3527 porro
1173 3447 1344 3526 proscaenii

187 3546 313 3614 verbum
351 3550 473 3613 omnino
500 3549 674 3614 Karrerarii
705 3551 879 3630 opinionem
908 3549 959 3630 (ol.
981 3548 1000 3610 l.
1024 3548 1043 3611 l.
1068 3565 1097 3626 p.
1124 3543 1215 3626 1739)
1245 3544 1343 3623 fulcit,

256 3809 281 3876 l)
300 3809 334 3862 cf.
351 3809 475 3864 Vitruv.
496 3812 528 3877 V,
546 3813 571 3876 8,
588 3813 618 3866 2:
719 3814 879 3882 ampliorem
897 3815 996 3867 habeat
1014 3814 1179 3867 orchestram
1200 3810 1299 3864 Graeci
1318 3814 1344 3861 et

186 3908 310 3947 scaenam
319 3896 488 3950 recessiorem
497 3899 652 3966 minoreque
660 3898 806 3952 latitudine
812 3899 952 3967 pulpitum
962 3897 1035 3967 quod
1043 3894 1342 3963 l.0yoovappellunt....

186 3977 374 4045 Phrynich.
394 3981 435 4033 ed.
455 3980 562 4034 Lobeek
589 4000 613 4050 p.
633 3983 695 4035 163:
720 3984 750 4034 01²
768 3990 862 4044 μέντοι,
883 3987 950 4033 ἔνθα
967 3985 1013 4043 μὲν
1032 3983 1143 4050 κωμῳδοὶ
1161 3983 1200 4031 καὶ
1218 3979 1342 4048 warado}

185 4059 356 4129 ἀγωνίζονται,
374 4064 466 4128 λογεῖον
487 4069 555 4136 ἐρεῖς.

255 4179 281 4244 2)
301 4179 332 4232 cf.
351 4179 596 4235 Kaweravium
612 4182 630 4236 l.
650 4182 668 4236 l.
688 4201 713 4251 p.
735 4184 800 4237 1736
818 4186 847 4237 et
866 4204 892 4253 p.
912 4186 986 4237 1747.

254 4286 281 4355 3)
299 4289 332 4352 cf.
352 4273 529 4346 Kawer'av.
549 4293 567 4346 l.
587 4294 604 4346 l.
624 4312 648 4363 p.
669 4295 734 4348 1746
750 4311 807 4366 sqq.
