3225 5200
863 490 904 552 ud

385 671 421 733 ln
444 668 637 732 Herculis
658 666 836 732 furentis
854 667 956 733 nola
979 667 1129 746 conspicit
1144 667 1272 748 Megara
1288 688 1326 732 ex
1341 684 1468 744 scaena,

303 787 363 848 quo
388 767 454 830 loco
482 784 551 829 cum
581 785 654 830 sene
680 771 769 846 patre
798 766 930 846 filiisque
963 773 1114 844 versatur,
1142 766 1303 831 Herculem
1334 787 1468 850 peregre

303 865 519 929 advenientem
537 870 569 928 et
584 863 769 929 adhortatur
785 882 906 944 pueros,
929 871 965 927 ut
980 866 1063 946 patri
1078 867 1199 930 obviam
1221 874 1303 931 eant.
1347 868 1466 932 Tamen

303 964 452 1029 Hercules
474 963 607 1043 primum
630 961 753 1026 domum
775 962 893 1043 regiam
915 963 1034 1027 salutat
1055 964 1102 1027 his
1125 965 1244 1029 verbis:

426 1050 451 1123 ai
465 1063 567 1141 χαῖρε,
590 1060 758 1142 μέλαθρον
780 1060 936 1142 πρόπυλα
958 1066 993 1123 θ’
1018 1059 1127 1135 aaziae
1147 1062 1233 1147 ἐμῆς,

425 1160 466 1234 ὠς
485 1155 627 1239 ἅσμενος
647 1157 678 1220 σ’
695 1158 824 1223 ἐσεῖδον
846 1161 878 1233 ἐς
899 1158 984 1241 palor
1004 1159 1113 1240 μολών
1135 1160 1176 1243 (ν.
1194 1162 1253 1224 522
1269 1162 1339 1242 sq.),

307 1267 372 1326 tum
389 1259 507 1341 pergit:

427 1359 475 1421 ἔα.
505 1359 541 1417 τί
556 1358 678 1440 χρῆμα;
701 1359 784 1420 τέκν’
807 1356 872 1437 ὁρῶ
892 1357 958 1437 προ
976 1355 1137 1435 δωμάτων

428 1456 596 1536 στολμοῖσι
617 1455 736 1534 νεκρῶν
757 1458 878 1536 κρᾶτας
899 1456 1120 1535 ἐξεστεμμένα
1141 1477 1167 1515 κ.
1183 1476 1211 1516 τ.
1233 1453 1261 1516 λ.

306 1555 457 1619 Theseum
483 1574 510 1618 v.
524 1553 602 1616 1140
624 1570 684 1616 non
715 1550 777 1615 alia
807 1553 971 1633 uinquam
994 1571 1049 1633 per
1066 1552 1224 1616 sinistram
1244 1552 1396 1633 paredum
1419 1553 1469 1617 in·

305 1671 444 1732 gressum
469 1669 537 1715 esse
555 1652 748 1731 argumentis
770 1650 966 1730 comprobari
990 1669 1068 1732 opus
1088 1668 1149 1714 non
1170 1656 1228 1714 est.

385 1783 577 1864 Equitum
598 1803 626 1849 v.
646 1784 703 1848 146
733 1784 850 1865 optime
878 1790 1021 1849 nostram
1050 1783 1238 1846 sententiam
1266 1783 1364 1861 lulcit,
1393 1800 1467 1845 nam

305 1880 528 1961 ingredientem
550 1881 814 1967 Ἀλλαντοπώλην
836 1901 950 1964 magna
968 1900 1042 1947 voce
1065 1882 1104 1945 de
1127 1881 1216 1962 logeo
1239 1881 1468 1946 Demosthenes

305 1997 411 2044 servus
432 1978 597 2044 inclamat:

427 2083 453 2159 ολ
469 2094 607 2176 μακάριε

428 2193 666 2257 ἀλλαντοπῶλα
689 2194 785 2274 δεῦρο
801 2195 897 2277 δεῦρ’,
920 2182 946 2256 οῗ
966 2195 1112 2276 φίλτατε,
1205 2230 1209 2237 »

426 2291 586 2373 dardanae
609 2291 717 2378 σωτήρ
737 2295 778 2375 τῇ
803 2292 898 2355 πόλει
917 2294 970 2355 καὶ
994 2295 1057 2353 νῶν
1078 2296 1200 2373 φανείς,

305 2406 458 2489 quemad
482 2406 581 2470 locum
609 2406 777 2471 scholiasta
810 2406 855 2489 (n.
880 2408 938 2471 149
962 2406 1079 2487 Ddbn.)
1108 2407 1242 2471 adnotat
1269 2405 1332 2487 ἵνα,
1355 2407 1469 2489 φησὶν,

306 2507 340 2569 ἐκ
369 2510 424 2590 τῆς
453 2506 601 2587 παροδον
630 2507 686 2570 ε’ττὶ
714 2508 751 2570 τὸ
779 2507 902 2587 λογεῖον
929 2506 1051 2589 οἷναβῇ,
1082 2524 1120 2570 ne
1140 2506 1314 2572 dubitemus
1341 2507 1392 2570 ille
1413 2526 1471 2587 per

305 2607 495 2672 orchestram
517 2608 549 2671 in
568 2606 688 2686 logeum
711 2608 888 2689 pervenerit
900 2610 932 2687 ¹).

384 2746 534 2814 Ultimum
556 2749 729 2830 exemplum
751 2749 1018 2831 Lysistrates
1039 2751 1225 2833 v.831sqq.
1247 2748 1385 2825 afferam,
1406 2766 1470 2828 quo

305 2847 371 2911 loco
387 2848 547 2928 Lysitrate
568 2867 637 2914 cum
658 2850 780 2914 feminis
800 2851 833 2913 in
855 2850 969 2930 quihus
988 2850 1145 2930 Myrrhine
1173 2868 1210 2912 en
1233 2866 1356 2925 scaeua,
1386 2865 1469 2927 quae

307 2965 410 3011 arcem
433 2948 625 3013 Athenarum
654 2949 922 3030 repraesentabat,
952 2952 1050 3013 virum
1074 2947 1227 3031 quendam
1249 2947 1336 3010 videt
1354 2965 1470 3027 appro-

306 3047 519 3127 pinquantem,
547 3067 638 3129 quem
660 3048 819 3130 Myrrhine
847 3049 1000 3114 Cinesiam
1021 3050 1167 3113 maritum
1191 3068 1218 3111 v.
1231 3049 1291 3111 838
1313 3048 1469 3126 agnoscit.

378 3291 403 3361 1)
422 3293 455 3347 da
478 3293 529 3347 hoe
551 3294 611 3347 loco
637 3293 778 3347 nobiscum
803 3295 980 3348 consentiunt
997 3291 1289 3347 Sehoenbornius
1308 3294 1345 3360 (p.
1358 3291 1419 3358 317)
1442 3297 1473 3343 et

308 3378 525 3447 Droysenius
550 3380 654 3448 (pan).
693 3379 785 3434 Aliam
810 3381 918 3449 quidem
947 3378 1113 3434 sententiam
1139 3379 1243 3446 profert
1262 3377 1356 3430 alius
1374 3376 1471 3430 scho-

307 3463 420 3519 liasta
439 3470 474 3533 (v.
490 3466 590 3529 149,28
608 3484 665 3535 sqq.
685 3466 786 3535 Dirbn.)
811 3466 887 3521 ouius
911 3465 996 3517 verba
1022 3463 1124 3517 absunt
1142 3482 1159 3519 a
1182 3464 1274 3518 codice
1293 3464 1471 3516 Rauennate:

307 3553 350 3603 δαὶ
366 3559 393 3603 τί
410 3542 453 3603 οἷον
472 3556 497 3605 ἐκ
515 3552 561 3620 τῆς
579 3555 704 3622 παρόδοις
727 3554 802 3606 τοῦτο
820 3557 869 3622 γάρ
887 3554 929 3605 οἰκ
948 3552 1092 3622 ἀναγκαῖον.
1127 3553 1224 3603 λεκτέον
1240 3540 1284 3602 οἷον
1302 3551 1341 3602 ὅτι
1359 3551 1472 3611 α’ναβαί·

308 3658 358 3688 κενν
384 3640 481 3703 ἐλέγετο
505 3641 531 3690 aa*
550 3642 593 3691 aaz
619 3642 648 3691 τὸ
661 3642 755 3706 λογεῖον
773 3645 882 3696 εἰσιέναι,
917 3642 988 3691 Saul
1011 3650 1165 3708 προοκεῖται,
1200 3639 1303 3702 λέγεται
1320 3639 1369 3705 γάρ
1388 3656 1472 3686 κατα·

306 3729 413 3783 βαίνειν.
450 3723 502 3778 Hic
521 3743 592 3789 vero,
616 3744 676 3779 cum
702 3727 890 3782 demonstrare
914 3727 1008 3790 vellet,
1034 3731 1195 3789 καταβαίνειν
1221 3724 1392 3777 sollemniter
1414 3720 1472 3774 dici

308 3827 358 3879 pro
384 3811 508 3879 ingressu
534 3812 563 3864 in
588 3830 728 3877 scaenam,
753 3832 825 3881 quae
843 3814 903 3882 ipsa
921 3814 1014 3866 fabula
1036 3811 1217 3881 postulaverit
1235 3810 1319 3879 plane
1337 3807 1471 3877 neglexit.

308 3897 403 3964 Neque
422 3898 494 3951 enim
513 3898 570 3952 illia
588 3900 678 3954 verbis
697 3901 893 3967 ἀλλαντοπώλης
910 3901 1052 3954 admoneri
1070 3897 1197 3962 debebat,
1220 3902 1252 3950 ut
1269 3896 1472 3965 ingrederetur,

309 4000 370 4036 cum
390 3983 443 4036 iam
463 3987 546 4038 antea
563 3986 597 4039 da
616 4003 648 4040 eo
667 3987 739 4040 alter
757 3986 1127 4055 servua(v.116sq.lverba
1146 3983 1351 4055 pronuntiaret:

514 4072 569 4121 ἀλλ’
588 4071 627 4122 ὁδὶ
645 4079 813 4140 προσέρχεται

513 4156 598 4228 ολοτσερ
616 4161 681 4208 nacci
697 4162 769 4209 θεῖον
786 4162 821 4217 εἰς
837 4160 940 4230 α’γοράκ.

309 4239 348 4293 De
373 4241 477 4295 tertii
501 4244 703 4298 scholistae
727 4246 831 4299 verbis:
862 4246 895 4305 ὡς
922 4251 949 4298 ἐν
977 4246 1078 4314 ceaulin
1100 4246 1127 4295 δν·
1149 4244 1177 4295 τὰ
1199 4242 1321 4303 ἀνάβαινε
1345 4239 1473 4294 conferas

308 4326 423 4393 quaein
443 4347 469 4398 p.
487 4331 520 4384 25
539 4330 602 4384 adn.
621 4331 637 4384 3
655 4330 856 4399 adscripsimus
