3225 5200
895 463 933 522 56

335 640 458 700 actores
486 635 598 699 imitari
629 636 772 702 debuisse
798 643 931 718 poetam,
962 637 1007 701 ita
1029 644 1064 703 ut
1083 643 1211 718 praeter
1233 636 1499 719 Dicaeopolidem‚

334 735 1499 820 Amphitheum,praecouem,coadeaetvbd),legatos(v.61),cdussouts'og

274 872 280 881 ·
334 833 512 918 ὀφθαλμόν
524 836 564 915 (v.
576 838 637 915 92),
663 830 816 901 Tbcoru'm
839 836 986 918 (1.134),
1011 837 1163 902 Thracum
1177 838 1400 920 exereitum(u
1417 837 1497 919 156)

335 935 429 997 etiam
458 935 622 999 nonnullos
649 936 725 1000 alios
747 942 867 1000 actores
889 944 1014 1017 praesto
1036 937 1130 1001 fuisse
1152 939 1317 1001 credamus
1339 955 1417 1017 opus
1441 938 1497 1000 sit..

308 1098 312 1105 ,
334 1034 394 1099 Sed
413 1037 521 1098 tantae
535 1034 690 1099 hominum
709 1035 900 1101 multitudini
915 1044 1081 1115 angustum
1097 1037 1219 1116 iogeum
1235 1044 1340 1118 aptum
1356 1039 1497 1117 spatium

334 1152 393 1196 non
414 1134 568 1215 praebuit,
582 1142 616 1198 ut
637 1135 777 1218 equidem
800 1142 958 1217 procerte
979 1135 1109 1200 habeam
1124 1137 1155 1199 in
1177 1136 1336 1201 orchestra
1358 1137 1496 1217 Pnycem

333 1232 439 1312 fuisse,
463 1235 546 1317 quod
569 1235 661 1299 ctiam
682 1234 823 1300 Genellio
845 1235 881 1317 ti.
899 1235 919 1300 1.
936 1254 966 1317 p.
981 1237 1039 1301 257
1058 1236 1129 1299 adn.
1153 1236 1205 1316 13)
1226 1236 1352 1317 placuit.
1395 1236 1496 1314 Quem

333 1333 364 1396 iu
399 1332 499 1397 locum
532 1334 776 1415 Dicaeopolidem
815 1354 831 1398 e
870 1335 963 1400 domo
994 1354 1059 1412 sua,
1089 1354 1169 1417 quae
1199 1336 1332 1401 medium
1361 1354 1497 1400 scaenae

333 1431 434 1496 locum
463 1452 518 1513 per
546 1439 644 1498 totam
674 1432 812 1497 fabulam
841 1435 1020 1513 obtinuerit,
1049 1437 1175 1499 ineunte
1205 1435 1345 1500 dramate
1366 1436 1497 1499 descen·

333 1531 415 1596 disse
442 1531 611 1612 eodemque
642 1551 747 1597 omues
775 1535 828 1614 qui
856 1534 886 1599 in
914 1535 1055 1599 contione
1081 1542 1243 1598 versantur
1271 1553 1326 1615 per
1348 1535 1496 1598 dextram

333 1631 486 1711 parodum
516 1649 550 1696 se
580 1632 748 1697 contulisse
778 1633 975 1698 crediderim.
1019 1637 1122 1714 Atque
1152 1633 1369 1713 Amphitheum
1399 1634 1498 1698 Lace·

333 1731 483 1795 daemone
520 1749 674 1795 reversum
704 1750 760 1812 per
792 1733 950 1797 sinistram
985 1734 1135 1814 paredum
1164 1733 1307 1796 inducam
1338 1732 1384 1815 (v.
1408 1730 1496 1813 175),

333 1832 386 1914 qui
408 1849 474 1895 cum
488 1830 538 1895 ilio
550 1848 648 1910 usque
668 1831 707 1895 ad
726 1850 849 1896 versum
866 1834 924 1896 203
946 1832 1149 1913 colloquitur;
1167 1832 1276 1896 deinde
1289 1831 1497 1912 Amphitheus

332 1949 390 2011 per
427 1931 568 1995 dextram
603 1932 754 2012 parodum
791 1932 822 1996 in
859 1933 966 1997 urbem
1000 1932 1140 2011 festinat,
1176 1938 1210 1996 ut
1244 1932 1495 1995 nebarnensium

334 2030 458 2094 chorum
481 2028 610 2110 effugiat
632 2031 685 2112 (cf.
707 2051 733 2095 v.
749 2033 825 2097 203:
847 2033 908 2113 ἐγώ
930 2033 967 2095 δὲ
985 2031 1150 2115 medicatur?
1164 2055 1197 2111 ys
1214 2032 1289 2104 eoric
1305 2030 1497 2112 Ἀχαρνέας),

333 2129 527 2209 Dicaeopolis
552 2132 582 2193 in
612 2130 736 2211 logeum
762 2150 795 2196 se
825 2132 945 2197 confert
974 2133 1100 2211 (ubbhz
1127 2128 1197 2206 ἄξω
1221 2132 1264 2194 eci
1285 2134 1353 2193 κατ’
1377 2131 1495 2210 α’γροιῖς

334 2229 443 2294 εἰσιών
459 2229 641 2311 Διονύσια).
683 2231 760 2295 Post
774 2231 856 2295 bunc
875 2251 997 2296 versum
1014 2232 1201 2313 Droysenius
1221 2233 1333 2312 aliique
1349 2249 1495 2294 scaenarii

334 2331 364 2394 in
401 2331 561 2412 praedium
598 2330 822 2411 Dicaeopolidis
859 2332 1009 2396 Acharnis
1044 2334 1135 2396 situm
1173 2336 1392 2396 commutatam
1423 2349 1496 2395 esse

334 2431 478 2495 arbitrati
509 2435 591 2511 sunt,
618 2430 701 2510 quod
723 2430 864 2512 equidem
894 2433 1059 2496 concedere
1080 2452 1139 2496 non
1162 2450 1298 2514 possum,
1320 2449 1388 2495 cum
1411 2450 1495 2495 eom-

334 2531 475 2596 mutandi
511 2548 634 2597 causam
671 2548 732 2600 non
769 2531 901 2595 uideam.
956 2531 1034 2596 Nam
1072 2531 1197 2596 chorum
1239 2530 1495 2612 Acharnensium,
1593 2570 1594 2575 κ

336 2635 388 2716 qui
412 2652 440 2697 v.
456 2635 517 2697 104
537 2632 719 2711 ingreditur,
750 2633 780 2695 in
798 2633 1005 2697 consectando
1029 2633 1214 2713 Amphitbeo
1237 2638 1412 2696 versantem
1438 2650 1495 2712 ap-

334 2749 445 2812 parere
468 2750 557 2795 nemo
578 2731 714 2812 negabit,
736 2732 847 2813 quippe
868 2733 1020 2812 cumipse
1040 2732 1137 2795 dieat:

455 2854 540 2917 a’ttd
561 2855 616 2918 dat
633 2858 738 2938 ζητεῖν
758 2855 817 2918 τὸν
836 2852 944 2936 ἄνδρα
964 2856 1018 2918 καὶ
1040 2855 1173 2936 βλέπειν
1195 2852 1388 2934 Βαλλήιάδε

455 2956 508 3018 καὶ
524 2953 648 3018 διώκειν
667 2960 725 3039 γῆν
739 2957 804 3038 πρὸ
819 2960 881 3042 γῆς,
906 2958 963 3029 ἕως
978 2953 1020 3018 ἄν
1042 2954 1165 3038 εὑρεθῇ
1187 2963 1270 3017 ποτέ
1291 2955 1336 3036 (ν.
1351 2956 1409 3017 235
1424 2954 1494 3034 sq),

333 3079 438 3159 itaque
473 3089 536 3144 tum
570 3081 692 3161 quidem
729 3082 862 3145 actionis
897 3081 994 3145 locum
1024 3080 1125 3160 ipsam
1162 3078 1351 3142 Athenarum
1381 3077 1492 3141 urbem

333 3177 430 3242 tuisse
471 3184 648 3243 statuamus
699 3198 823 3244 necesse
866 3185 924 3243 est.
967 3180 1048 3258 Quid
1098 3178 1214 3259 porro?
1255 3176 1323 3257 Ego
1369 3176 1493 3257 quidem

333 3278 460 3343 chorum
497 3297 554 3359 per
588 3279 727 3342 dextram
762 3280 916 3359 paredum
947 3278 1163 3359 Amphitheam
1202 3283 1268 3341 tum
1301 3281 1492 3360 sectaturum

332 3377 428 3443 fuisse
456 3378 548 3441 credo
576 3395 643 3441 oum
675 3378 780 3442 subito
803 3379 999 3459 Dieaeepolis
1029 3396 1098 3442 cum
1121 3397 1224 3457 uxore,
1252 3377 1324 3454 fitia,
1354 3374 1493 3441 Xanthia

334 3496 424 3542 servo
448 3496 464 3541 e
493 3477 584 3540 domo
607 3480 821 3558 progreditur3
850 3479 893 3542 ibi
919 3497 992 3543 vero
1020 3477 1201 3558 choreutae‚
1225 3497 1262 3541 ne
1284 3478 1344 3541 illis
1366 3476 1396 3539 in
1420 3493 1493 3539 con·

334 3582 472 3658 spectum
494 3578 630 3655 veniant,
652 3577 692 3641 ab
714 3578 836 3659 incepto
859 3578 1012 3642 desistunt
1034 3596 1129 3661 seque
1143 3577 1269 3642 abdunt.
1307 3575 1365 3640 Sed
1376 3575 1492 3656 placuit
1591 3625 1592 3628 ,

334 3677 408 3741 viris
429 3676 529 3741 doctis
550 3676 672 3741 demum
694 3696 731 3740 ex
753 3695 815 3757 qua
837 3678 881 3741 illi
905 3677 1142 3758 progrediantur
1163 3675 1322 3757 praedium
1345 3692 1413 3738 esse
1438 3675 1492 3737 Di-

334 3776 517 3858 caeopolidis
530 3774 681 3839 Acharnis
697 3776 789 3840 situm
806 3782 982 3857 propterea,
1004 3777 1118 3859 quiuis
1139 3782 1231 3838 antea
1253 3774 1366 3838 dixerit
1384 3791 1416 3837 se
1437 3792 1491 3838 rus

334 3876 420 3941 abire
442 3876 536 3954 velle,
568 3881 604 3939 ut
624 3876 666 3938 coi
689 3876 758 3937 κατ’
779 3876 897 3957 a'ypodg
918 3875 1074 3940 Διονύσια
1095 3875 1240 3940 celebret.
1284 3873 1363 3951 Quid
1388 3882 1491 3937 tamen

334 3994 405 4040 vare
422 3977 550 4056 agitur?
580 3973 702 4040 Exeunt
718 3993 792 4040 sane
807 3976 870 4040 filia
886 3994 953 4041 cum
970 3976 1106 4054 corbulo,
1128 3973 1280 4040 Xanthias
1295 3992 1360 4037 cum
1376 3972 1490 4053 phallu,

334 4081 370 4139 ut
385 4078 488 4141 omnia
503 4076 544 4140 ad
563 4074 743 4141 sacrificium
760 4075 838 4139 bene
854 4082 1041 4157 praeparata
1056 4076 1232 4139 videantur.
1262 4074 1369 4157 Neque
1387 4080 1489 4137 tamen
1590 4091 1591 4130 ;

334 4174 502 4256 Hauptium
529 4175 561 4256 (l.
584 4175 604 4239 l.
625 4194 655 4256 p.
672 4177 749 4255 464)
778 4175 858 4255 fugit
887 4176 924 4239 de
947 4178 1013 4257 ipsa
1036 4174 1177 4240 sacrificii
1200 4174 1319 4237 actione
1343 4171 1422 4236 nihil
1444 4172 1488 4235 in-

335 4274 447 4341 veniri:
473 4277 556 4340 »iura
580 4281 787 4359 expectamus,
816 4276 927 4358 inquit,
946 4276 1139 4358 sucrificium
1157 4281 1322 4356 peractum
1344 4274 1388 4337 iri
1407 4271 1489 4353 (post
