<?xml version="1.0" encoding="UTF-8"?>
<!DOCTYPE html PUBLIC "-//W3C//DTD XHTML 1.0 Transitional//EN"
    "http://www.w3.org/TR/xhtml1/DTD/xhtml1-transitional.dtd">
<html xmlns="http://www.w3.org/1999/xhtml" xml:lang="en" lang="en">
 <head>
  <title>
</title>
<meta http-equiv="Content-Type" content="text/html;charset=utf-8" />
  <meta name='ocr-system' content='tesseract 3.04.00' />
  <meta name='ocr-capabilities' content='ocr_page ocr_carea ocr_par ocr_line ocrx_word'/>
</head>
<body>
  <div class='ocr_page' id='page_1' title='image "./quaestionesscae00harzgoog_0020.png"; bbox 0 0 3225 5200; ppageno 0'>
   <div class='ocr_carea' id='block_1_1' title="bbox 1914 479 1988 541">
    <p class='ocr_par' dir='ltr' id='par_1_1' title="bbox 1914 479 1988 541">
     <span class='ocr_line' id='line_1_1' title="bbox 1914 479 1988 541; baseline 0.014 -1"><span class='ocrx_word' id='word_1_1' title='bbox 1914 479 1988 541; x_wconf 68' lang='lat'>12</span> 
     </span>
    </p>
   </div>
   <div class='ocr_carea' id='block_1_2' title="bbox 781 652 3218 738">
    <p class='ocr_par' dir='ltr' id='par_1_2' title="bbox 781 652 3218 738">
     <span class='ocr_line' id='line_1_2' title="bbox 781 652 3218 738; baseline -0.003 -17"><span class='ocrx_word' id='word_1_2' title='bbox 781 661 1170 738; x_wconf 89' lang='lat' dir='ltr'>conspectum</span> <span class='ocrx_word' id='word_1_3' title='bbox 1242 657 1544 720; x_wconf 85' lang='lat' dir='ltr'>venerint.</span> <span class='ocrx_word' id='word_1_4' title='bbox 1650 655 1784 733; x_wconf 85' lang='lat' dir='ltr'>Qua</span> <span class='ocrx_word' id='word_1_5' title='bbox 1844 655 1919 719; x_wconf 91' lang='lat' dir='ltr'>de</span> <span class='ocrx_word' id='word_1_6' title='bbox 1980 674 2048 719; x_wconf 93' lang='lat' dir='ltr'>re</span> <span class='ocrx_word' id='word_1_7' title='bbox 2105 673 2240 719; x_wconf 91' lang='lat' dir='ltr'>cum</span> <span class='ocrx_word' id='word_1_8' title='bbox 2299 655 2518 720; x_wconf 89' lang='lat' dir='ltr'>Pollux</span> <span class='ocrx_word' id='word_1_9' title='bbox 2584 653 2731 717; x_wconf 89' lang='lat' dir='ltr'>nihil</span> <span class='ocrx_word' id='word_1_10' title='bbox 2792 652 3109 733; x_wconf 85' lang='lat' dir='ltr'>proferat,</span> <span class='ocrx_word' id='word_1_11' title='bbox 3217 695 3218 702; x_wconf 18' lang='grc' dir='ltr'><strong>κ</strong></span> 
     </span>
    </p>
   </div>
   <div class='ocr_carea' id='block_1_3' title="bbox 728 751 3218 2036">
    <p class='ocr_par' dir='ltr' id='par_1_3' title="bbox 783 751 3218 1137">
     <span class='ocr_line' id='line_1_3' title="bbox 783 751 3109 837; baseline -0.003 -16"><span class='ocrx_word' id='word_1_12' title='bbox 783 757 948 837; x_wconf 90' lang='lat' dir='ltr'>apud</span> <span class='ocrx_word' id='word_1_13' title='bbox 997 755 1345 820; x_wconf 81' lang='lat' dir='ltr'>Vitruvium</span> <span class='ocrx_word' id='word_1_14' title='bbox 1412 757 1617 819; x_wconf 91' lang='lat' dir='ltr'>omnia</span> <span class='ocrx_word' id='word_1_15' title='bbox 1673 756 1900 836; x_wconf 90' lang='lat' dir='ltr'>optime</span> <span class='ocrx_word' id='word_1_16' title='bbox 1960 755 2267 836; x_wconf 88' lang='lat' dir='ltr'>explicata</span> <span class='ocrx_word' id='word_1_17' title='bbox 2329 754 2669 818; x_wconf 83' lang='lat' dir='ltr'>invenimus</span> <span class='ocrx_word' id='word_1_18' title='bbox 2752 770 2875 832; x_wconf 93' lang='lat' dir='ltr'>quo</span> <span class='ocrx_word' id='word_1_19' title='bbox 2960 751 3109 814; x_wconf 91' lang='lat' dir='ltr'>loco</span> 
     </span>
     <span class='ocr_line' id='line_1_4' title="bbox 784 851 3218 935; baseline -0.003 -15"><span class='ocrx_word' id='word_1_20' title='bbox 784 855 880 920; x_wconf 88' lang='lat' dir='ltr'>his</span> <span class='ocrx_word' id='word_1_21' title='bbox 937 856 1016 920; x_wconf 91' lang='lat' dir='ltr'>de</span> <span class='ocrx_word' id='word_1_22' title='bbox 1072 856 1349 921; x_wconf 87' lang='lat' dir='ltr'>aditibus</span> <span class='ocrx_word' id='word_1_23' title='bbox 1393 855 1548 921; x_wconf 90' lang='lat' dir='ltr'>haec</span> <span class='ocrx_word' id='word_1_24' title='bbox 1591 861 2027 920; x_wconf 81' lang='lat' dir='ltr'>commemorat</span> <span class='ocrx_word' id='word_1_25' title='bbox 2069 854 2167 935; x_wconf 90' lang='lat' dir='ltr'>(V,</span> <span class='ocrx_word' id='word_1_26' title='bbox 2205 859 2260 933; x_wconf 91' lang='lat'>7,</span> <span class='ocrx_word' id='word_1_27' title='bbox 2294 851 2391 935; x_wconf 86' lang='lat'>8):</span> <span class='ocrx_word' id='word_1_28' title='bbox 2452 854 2794 918; x_wconf 79' lang='lat' dir='ltr'>secundum</span> <span class='ocrx_word' id='word_1_29' title='bbox 2842 873 2914 915; x_wconf 81' lang='lat' dir='ltr'>ea</span> <span class='ocrx_word' id='word_1_30' title='bbox 2960 851 3111 914; x_wconf 84' lang='lat' dir='ltr'>loca</span> <span class='ocrx_word' id='word_1_31' title='bbox 3217 929 3218 934; x_wconf 5' lang='grc' dir='ltr'>ἵ</span> 
     </span>
     <span class='ocr_line' id='line_1_5' title="bbox 783 947 3218 1039; baseline -0.002 -20"><span class='ocrx_word' id='word_1_32' title='bbox 783 956 1113 1037; x_wconf 87' lang='lat' dir='ltr'>(periactos</span> <span class='ocrx_word' id='word_1_33' title='bbox 1172 953 1429 1037; x_wconf 84' lang='lat' dir='ltr'>scilicet)</span> <span class='ocrx_word' id='word_1_34' title='bbox 1505 975 1806 1022; x_wconf 80' lang='lat' dir='ltr'>versurae</span> <span class='ocrx_word' id='word_1_35' title='bbox 1863 961 2014 1019; x_wconf 77' lang='lat' dir='ltr'>sunt</span> <span class='ocrx_word' id='word_1_36' title='bbox 2076 958 2522 1039; x_wconf 75' lang='lat' dir='ltr'>procurrentes</span> <span class='ocrx_word' id='word_1_37' title='bbox 2584 975 2744 1036; x_wconf 79' lang='lat' dir='ltr'>quae</span> <span class='ocrx_word' id='word_1_38' title='bbox 2814 951 3113 1030; x_wconf 74' lang='lat' dir='ltr'>efficiunt</span> <span class='ocrx_word' id='word_1_39' title='bbox 3217 947 3218 960; x_wconf 55' lang='lat'>¹</span> 
     </span>
     <span class='ocr_line' id='line_1_6' title="bbox 783 1042 2566 1137; baseline -0.001 -18"><span class='ocrx_word' id='word_1_40' title='bbox 783 1077 914 1120; x_wconf 77' lang='lat' dir='ltr'>una</span> <span class='ocrx_word' id='word_1_41' title='bbox 957 1078 998 1120; x_wconf 91' lang='grc' dir='ltr'><em>α</em></span> <span class='ocrx_word' id='word_1_42' title='bbox 1038 1055 1202 1137; x_wconf 75' lang='lat' dir='ltr'>som,</span> <span class='ocrx_word' id='word_1_43' title='bbox 1250 1055 1454 1120; x_wconf 83' lang='lat' dir='ltr'>altera</span> <span class='ocrx_word' id='word_1_44' title='bbox 1497 1077 1537 1120; x_wconf 86' lang='lat' dir='ltr'>a</span> <span class='ocrx_word' id='word_1_45' title='bbox 1572 1076 1836 1137; x_wconf 75' lang='lat' dir='ltr'>pereyre</span> <span class='ocrx_word' id='word_1_46' title='bbox 1878 1056 2094 1120; x_wconf 78' lang='lat' dir='ltr'>aditus</span> <span class='ocrx_word' id='word_1_47' title='bbox 2121 1042 2212 1118; x_wconf 48' lang='lat' dir='ltr'>&#39;in</span> <span class='ocrx_word' id='word_1_48' title='bbox 2253 1075 2566 1119; x_wconf 79' lang='lat' dir='ltr'>scaenam.</span> 
     </span>
    </p>

    <p class='ocr_par' dir='ltr' id='par_1_4' title="bbox 728 1150 3119 2036">
     <span class='ocr_line' id='line_1_7' title="bbox 948 1150 3111 1236; baseline -0.003 -18"><span class='ocrx_word' id='word_1_49' title='bbox 948 1155 1134 1219; x_wconf 90' lang='lat' dir='ltr'>Tales</span> <span class='ocrx_word' id='word_1_50' title='bbox 1178 1174 1464 1220; x_wconf 85' lang='lat' dir='ltr'>versuras</span> <span class='ocrx_word' id='word_1_51' title='bbox 1509 1173 1701 1236; x_wconf 87' lang='lat' dir='ltr'>supra</span> <span class='ocrx_word' id='word_1_52' title='bbox 1745 1155 2011 1220; x_wconf 92' lang='lat' dir='ltr'>vidimus</span> <span class='ocrx_word' id='word_1_53' title='bbox 2056 1156 2116 1218; x_wconf 91' lang='lat' dir='ltr'>in</span> <span class='ocrx_word' id='word_1_54' title='bbox 2161 1155 2440 1235; x_wconf 86' lang='lat' dir='ltr'>Dionysi,</span> <span class='ocrx_word' id='word_1_55' title='bbox 2485 1152 2859 1234; x_wconf 89' lang='lat' dir='ltr'>Epidaurici,</span> <span class='ocrx_word' id='word_1_56' title='bbox 2903 1150 3111 1231; x_wconf 89' lang='lat' dir='ltr'>Oropi</span> 
     </span>
     <span class='ocr_line' id='line_1_8' title="bbox 785 1250 3114 1335; baseline -0.002 -19"><span class='ocrx_word' id='word_1_57' title='bbox 785 1252 1089 1331; x_wconf 85' lang='lat' dir='ltr'>theatriS‚</span> <span class='ocrx_word' id='word_1_58' title='bbox 1137 1272 1262 1334; x_wconf 92' lang='lat' dir='ltr'>quo</span> <span class='ocrx_word' id='word_1_59' title='bbox 1303 1255 1435 1319; x_wconf 93' lang='lat' dir='ltr'>loco</span> <span class='ocrx_word' id='word_1_60' title='bbox 1478 1254 1613 1318; x_wconf 91' lang='lat' dir='ltr'>alas</span> <span class='ocrx_word' id='word_1_61' title='bbox 1661 1254 2023 1319; x_wconf 91' lang='lat' dir='ltr'>videbamus</span> <span class='ocrx_word' id='word_1_62' title='bbox 2066 1259 2507 1335; x_wconf 87' lang='lat' dir='ltr'>procurrentes</span> <span class='ocrx_word' id='word_1_63' title='bbox 2531 1255 2573 1334; x_wconf 88' lang='lat'>¹)</span> <span class='ocrx_word' id='word_1_64' title='bbox 2624 1272 2697 1317; x_wconf 85' lang='lat' dir='ltr'>ex</span> <span class='ocrx_word' id='word_1_65' title='bbox 2737 1252 2943 1317; x_wconf 90' lang='lat' dir='ltr'>fronte</span> <span class='ocrx_word' id='word_1_66' title='bbox 2992 1250 3114 1313; x_wconf 89' lang='lat' dir='ltr'>illa</span> 
     </span>
     <span class='ocr_line' id='line_1_9' title="bbox 783 1352 3113 1438; baseline -0.002 -22"><span class='ocrx_word' id='word_1_67' title='bbox 783 1352 1200 1434; x_wconf 87' lang='lat' dir='ltr'>hyposcaenii.</span> <span class='ocrx_word' id='word_1_68' title='bbox 1294 1356 1499 1436; x_wconf 83' lang='lat' dir='ltr'>Atque</span> <span class='ocrx_word' id='word_1_69' title='bbox 1540 1354 1823 1438; x_wconf 86' lang='lat' dir='ltr'>equidem</span> <span class='ocrx_word' id='word_1_70' title='bbox 1867 1372 1977 1435; x_wconf 90' lang='lat' dir='ltr'>pro</span> <span class='ocrx_word' id='word_1_71' title='bbox 2022 1361 2189 1418; x_wconf 91' lang='lat' dir='ltr'>certo</span> <span class='ocrx_word' id='word_1_72' title='bbox 2233 1352 2530 1418; x_wconf 89' lang='lat' dir='ltr'>affirmem</span> <span class='ocrx_word' id='word_1_73' title='bbox 2574 1354 2737 1416; x_wconf 88' lang='lat' dir='ltr'>inter</span> <span class='ocrx_word' id='word_1_74' title='bbox 2781 1352 3113 1432; x_wconf 81' lang='lat' dir='ltr'>periactos</span> 
     </span>
     <span class='ocr_line' id='line_1_10' title="bbox 784 1451 3113 1534; baseline -0.002 -18"><span class='ocrx_word' id='word_1_75' title='bbox 784 1458 848 1516; x_wconf 89' lang='lat' dir='ltr'>et</span> <span class='ocrx_word' id='word_1_76' title='bbox 882 1452 994 1518; x_wconf 85' lang='lat' dir='ltr'>has</span> <span class='ocrx_word' id='word_1_77' title='bbox 1035 1453 1170 1518; x_wconf 87' lang='lat' dir='ltr'>alas</span> <span class='ocrx_word' id='word_1_78' title='bbox 1212 1454 1440 1518; x_wconf 87' lang='lat' dir='ltr'>itinera</span> <span class='ocrx_word' id='word_1_79' title='bbox 1480 1454 1673 1518; x_wconf 85' lang='lat' dir='ltr'>fuisse</span> <span class='ocrx_word' id='word_1_80' title='bbox 1709 1472 2107 1518; x_wconf 87' lang='lat' dir='ltr'>versurarum</span> <span class='ocrx_word' id='word_1_81' title='bbox 2174 1471 2333 1534; x_wconf 91' lang='lat' dir='ltr'>quae</span> <span class='ocrx_word' id='word_1_82' title='bbox 2377 1455 2537 1518; x_wconf 90' lang='lat' dir='ltr'>idem</span> <span class='ocrx_word' id='word_1_83' title='bbox 2581 1452 2703 1516; x_wconf 92' lang='lat' dir='ltr'>alio</span> <span class='ocrx_word' id='word_1_84' title='bbox 2741 1452 2873 1516; x_wconf 92' lang='lat' dir='ltr'>loco</span> <span class='ocrx_word' id='word_1_85' title='bbox 2923 1451 3026 1532; x_wconf 90' lang='lat' dir='ltr'>(V,</span> <span class='ocrx_word' id='word_1_86' title='bbox 3069 1456 3113 1511; x_wconf 77' lang='grc'>6</span> 
     </span>
     <span class='ocr_line' id='line_1_11' title="bbox 783 1550 3117 1636; baseline -0.003 -18"><span class='ocrx_word' id='word_1_87' title='bbox 783 1553 862 1618; x_wconf 92' lang='lat' dir='ltr'>ad</span> <span class='ocrx_word' id='word_1_88' title='bbox 906 1553 1114 1636; x_wconf 88' lang='lat' dir='ltr'>finem)</span> <span class='ocrx_word' id='word_1_89' title='bbox 1177 1561 1651 1633; x_wconf 84' lang='lat' dir='ltr'>commemorat,</span> <span class='ocrx_word' id='word_1_90' title='bbox 1712 1572 1846 1618; x_wconf 91' lang='lat' dir='ltr'>cum</span> <span class='ocrx_word' id='word_1_91' title='bbox 1902 1553 2053 1618; x_wconf 87' lang='lat' dir='ltr'>haec</span> <span class='ocrx_word' id='word_1_92' title='bbox 2113 1556 2246 1618; x_wconf 88' lang='lat' dir='ltr'>loca</span> <span class='ocrx_word' id='word_1_93' title='bbox 2304 1553 2650 1618; x_wconf 90' lang='lat' dir='ltr'>commodos</span> <span class='ocrx_word' id='word_1_94' title='bbox 2691 1550 3117 1633; x_wconf 88' lang='lat' dir='ltr'>praebuerint</span> 
     </span>
     <span class='ocr_line' id='line_1_12' title="bbox 785 1652 3118 1734; baseline -0.002 -17"><span class='ocrx_word' id='word_1_95' title='bbox 785 1653 996 1718; x_wconf 90' lang='lat' dir='ltr'>aditus</span> <span class='ocrx_word' id='word_1_96' title='bbox 1055 1652 1462 1717; x_wconf 89' lang='lat' dir='ltr'>histrionibus</span> <span class='ocrx_word' id='word_1_97' title='bbox 1521 1654 1743 1734; x_wconf 90' lang='lat' dir='ltr'>quibus</span> <span class='ocrx_word' id='word_1_98' title='bbox 1798 1672 1874 1717; x_wconf 86' lang='lat' dir='ltr'>ex</span> <span class='ocrx_word' id='word_1_99' title='bbox 1929 1653 2227 1719; x_wconf 88' lang='lat' dir='ltr'>lateribus</span> <span class='ocrx_word' id='word_1_100' title='bbox 2273 1655 2332 1718; x_wconf 91' lang='lat' dir='ltr'>in</span> <span class='ocrx_word' id='word_1_101' title='bbox 2376 1654 2617 1734; x_wconf 87' lang='lat' dir='ltr'>logeum</span> <span class='ocrx_word' id='word_1_102' title='bbox 2662 1652 2897 1715; x_wconf 90' lang='lat' dir='ltr'>intrare</span> <span class='ocrx_word' id='word_1_103' title='bbox 2941 1668 3118 1730; x_wconf 89' lang='lat' dir='ltr'>opus</span> 
     </span>
     <span class='ocr_line' id='line_1_13' title="bbox 784 1750 3119 1833; baseline -0.002 -15"><span class='ocrx_word' id='word_1_104' title='bbox 784 1754 925 1820; x_wconf 90' lang='lat' dir='ltr'>fuit.</span> <span class='ocrx_word' id='word_1_105' title='bbox 1011 1754 1188 1831; x_wconf 87' lang='lat' dir='ltr'>Quae</span> <span class='ocrx_word' id='word_1_106' title='bbox 1232 1759 1307 1818; x_wconf 91' lang='lat' dir='ltr'>ut</span> <span class='ocrx_word' id='word_1_107' title='bbox 1349 1755 1612 1819; x_wconf 91' lang='lat' dir='ltr'>clariora</span> <span class='ocrx_word' id='word_1_108' title='bbox 1654 1753 1828 1833; x_wconf 89' lang='lat' dir='ltr'>fiant,</span> <span class='ocrx_word' id='word_1_109' title='bbox 1872 1753 2023 1819; x_wconf 90' lang='lat' dir='ltr'>haec</span> <span class='ocrx_word' id='word_1_110' title='bbox 2049 1754 2426 1819; x_wconf 90' lang='lat' dir='ltr'>lineamenta</span> <span class='ocrx_word' id='word_1_111' title='bbox 2461 1750 2805 1816; x_wconf 86' lang='lat' dir='ltr'>describere</span> <span class='ocrx_word' id='word_1_112' title='bbox 2837 1755 3119 1814; x_wconf 87' lang='lat' dir='ltr'>conatus</span> 
     </span>
     <span class='ocr_line' id='line_1_14' title="bbox 728 1850 3118 1936; baseline -0.002 -19"><span class='ocrx_word' id='word_1_113' title='bbox 728 1850 736 1862; x_wconf 86' lang='lat'><em>&#39;</em></span> <span class='ocrx_word' id='word_1_114' title='bbox 785 1872 947 1932; x_wconf 91' lang='lat' dir='ltr'>sum,</span> <span class='ocrx_word' id='word_1_115' title='bbox 1012 1872 1170 1935; x_wconf 89' lang='lat' dir='ltr'>quae</span> <span class='ocrx_word' id='word_1_116' title='bbox 1228 1872 1363 1919; x_wconf 90' lang='lat' dir='ltr'>cum</span> <span class='ocrx_word' id='word_1_117' title='bbox 1415 1855 1768 1936; x_wconf 89' lang='lat' dir='ltr'>Epidaurici</span> <span class='ocrx_word' id='word_1_118' title='bbox 1832 1854 2060 1917; x_wconf 89' lang='lat' dir='ltr'>theatri</span> <span class='ocrx_word' id='word_1_119' title='bbox 2123 1854 2368 1935; x_wconf 86' lang='lat' dir='ltr'>pictura</span> <span class='ocrx_word' id='word_1_120' title='bbox 2425 1854 2487 1917; x_wconf 90' lang='lat' dir='ltr'>in</span> <span class='ocrx_word' id='word_1_121' title='bbox 2547 1852 2782 1915; x_wconf 86' lang='lat' dir='ltr'>Alberti</span> <span class='ocrx_word' id='word_1_122' title='bbox 2823 1850 3118 1915; x_wconf 89' lang='lat' dir='ltr'>Muelleri</span> 
     </span>
     <span class='ocr_line' id='line_1_15' title="bbox 784 1952 3119 2036; baseline -0.003 -19"><span class='ocrx_word' id='word_1_123' title='bbox 784 1955 924 2018; x_wconf 91' lang='lat' dir='ltr'>libri</span> <span class='ocrx_word' id='word_1_124' title='bbox 954 1955 1201 2034; x_wconf 90' lang='lat' dir='ltr'>saepius</span> <span class='ocrx_word' id='word_1_125' title='bbox 1230 1955 1527 2018; x_wconf 88' lang='lat' dir='ltr'>nominati</span> <span class='ocrx_word' id='word_1_126' title='bbox 1561 1974 1618 2035; x_wconf 90' lang='lat' dir='ltr'>p.</span> <span class='ocrx_word' id='word_1_127' title='bbox 1652 1960 1685 2018; x_wconf 89' lang='lat'>5</span> <span class='ocrx_word' id='word_1_128' title='bbox 1718 1955 1826 2036; x_wconf 54' lang='grc' dir='ltr'>(ντἑ</span> <span class='ocrx_word' id='word_1_129' title='bbox 1855 1954 2165 2018; x_wconf 89' lang='lat' dir='ltr'>Baumstr.</span> <span class='ocrx_word' id='word_1_130' title='bbox 2198 1954 2236 2018; x_wconf 92' lang='lat' dir='ltr'>l.</span> <span class='ocrx_word' id='word_1_131' title='bbox 2261 1954 2299 2019; x_wconf 92' lang='lat' dir='ltr'>l.</span> <span class='ocrx_word' id='word_1_132' title='bbox 2324 1954 2433 2034; x_wconf 86' lang='lat'>111,</span> <span class='ocrx_word' id='word_1_133' title='bbox 2464 1971 2521 2034; x_wconf 87' lang='lat' dir='ltr'>p.</span> <span class='ocrx_word' id='word_1_134' title='bbox 2552 1952 2732 2031; x_wconf 83' lang='lat'>1735)</span> <span class='ocrx_word' id='word_1_135' title='bbox 2760 1967 3119 2036; x_wconf 82' lang='lat' dir='ltr'>compares.</span> 
     </span>
    </p>
   </div>
   <div class='ocr_carea' id='block_1_4' title="bbox 804 2148 3114 2629">
    <p class='ocr_par' dir='ltr' id='par_1_5' title="bbox 804 2148 3114 2629">
     <span class='ocr_line' id='line_1_16' title="bbox 804 2148 3114 2578; baseline -0.003 -308"><span class='ocrx_word' id='word_1_136' title='bbox 804 2160 1369 2577; x_wconf 33' lang='lat' dir='ltr'>KKQKQ</span> <span class='ocrx_word' id='word_1_137' title='bbox 1774 2203 2115 2268; x_wconf 85' lang='lat' dir='ltr'>Orchestra</span> <span class='ocrx_word' id='word_1_138' title='bbox 2520 2148 3114 2578; x_wconf 52' lang='lat' dir='ltr'>Q)</span> 
     </span>
     <span class='ocr_line' id='line_1_17' title="bbox 840 2521 2880 2629; baseline 0.002 -27"><span class='ocrx_word' id='word_1_139' title='bbox 840 2577 851 2581; x_wconf 94' lang='lat'><em>-</em></span> <span class='ocrx_word' id='word_1_140' title='bbox 888 2569 904 2573; x_wconf 84' lang='lat'><em>-</em></span> <span class='ocrx_word' id='word_1_141' title='bbox 1048 2521 1205 2629; x_wconf 43' lang='lat' dir='ltr'>23⁹3*ss</span> <span class='ocrx_word' id='word_1_142' title='bbox 2660 2542 2880 2627; x_wconf 59' lang='grc' dir='ltr'><em>πάροδος</em></span> 
     </span>
    </p>
   </div>
   <div class='ocr_carea' id='block_1_5' title="bbox 861 2954 3040 3175">
    <p class='ocr_par' dir='ltr' id='par_1_6' title="bbox 861 2954 3040 3175">
     <span class='ocr_line' id='line_1_18' title="bbox 861 2954 3040 3175; baseline 0.001 -13"><span class='ocrx_word' id='word_1_143' title='bbox 861 3075 889 3112; x_wconf 78' lang='lat'><strong>⁰</strong></span> <span class='ocrx_word' id='word_1_144' title='bbox 985 2958 1001 3174; x_wconf 47' lang='lat' dir='ltr'>i</span> <span class='ocrx_word' id='word_1_145' title='bbox 1101 3019 1207 3149; x_wconf 52' lang='grc' dir='ltr'>σιξ</span> <span class='ocrx_word' id='word_1_146' title='bbox 1302 2954 1464 3163; x_wconf 35' lang='grc' dir='ltr'>[ᾗ</span> <span class='ocrx_word' id='word_1_147' title='bbox 1548 3106 1579 3159; x_wconf 84' lang='lat' dir='ltr'>b</span> <span class='ocrx_word' id='word_1_148' title='bbox 1928 3123 1965 3158; x_wconf 77' lang='lat' dir='ltr'>a</span> <span class='ocrx_word' id='word_1_149' title='bbox 2308 3105 2339 3158; x_wconf 80' lang='lat' dir='ltr'><strong><em>b</em></strong></span> <span class='ocrx_word' id='word_1_150' title='bbox 2428 2964 2592 3164; x_wconf 48' lang='lat' dir='ltr'>Z}</span> <span class='ocrx_word' id='word_1_151' title='bbox 2683 3026 2786 3151; x_wconf 68' lang='lat'>{¹⁶</span> <span class='ocrx_word' id='word_1_152' title='bbox 2886 3029 2904 3175; x_wconf 92' lang='grc' dir='ltr'>ΙΙ</span> <span class='ocrx_word' id='word_1_153' title='bbox 3011 3079 3040 3116; x_wconf 78' lang='lat'><strong><em>⁶</em></strong></span> 
     </span>
    </p>
   </div>
   <div class='ocr_carea' id='block_1_6' title="bbox 1734 3211 2161 3264">
    <p class='ocr_par' dir='ltr' id='par_1_7' title="bbox 1734 3211 2161 3264">
     <span class='ocr_line' id='line_1_19' title="bbox 1734 3211 2161 3264; baseline 0 -1"><span class='ocrx_word' id='word_1_154' title='bbox 1734 3226 1960 3264; x_wconf 87' lang='lat' dir='ltr'>scaenae</span> <span class='ocrx_word' id='word_1_155' title='bbox 1997 3211 2161 3264; x_wconf 85' lang='lat' dir='ltr'>frons.</span> 
     </span>
    </p>
   </div>
   <div class='ocr_carea' id='block_1_7' title="bbox 1659 3177 2042 3194">
    <p class='ocr_par' dir='ltr' id='par_1_8' title="bbox 1659 3177 2042 3194">
     <span class='ocr_line' id='line_1_20' title="bbox 1659 3177 2042 3194; baseline 0 2006"><span class='ocrx_word' id='word_1_156' title='bbox 1659 3177 2042 3194; x_wconf 95' lang='lat' dir='ltr'> </span> 
     </span>
    </p>
   </div>
   <div class='ocr_carea' id='block_1_8' title="bbox 2049 3180 2227 3187">
    <p class='ocr_par' dir='ltr' id='par_1_9' title="bbox 2049 3180 2227 3187">
     <span class='ocr_line' id='line_1_21' title="bbox 2049 3180 2227 3187; baseline 0 0"><span class='ocrx_word' id='word_1_157' title='bbox 2049 3180 2227 3187; x_wconf 95' lang='lat' dir='ltr'> </span> 
     </span>
    </p>
   </div>
   <div class='ocr_carea' id='block_1_9' title="bbox 2435 3184 2816 3190">
    <p class='ocr_par' dir='ltr' id='par_1_10' title="bbox 2435 3184 2816 3190">
     <span class='ocr_line' id='line_1_22' title="bbox 2435 3184 2816 3190; baseline 0 0"><span class='ocrx_word' id='word_1_158' title='bbox 2435 3184 2816 3190; x_wconf 95' lang='lat' dir='ltr'> </span> 
     </span>
    </p>
   </div>
   <div class='ocr_carea' id='block_1_10' title="bbox 2818 3182 3125 3191">
    <p class='ocr_par' dir='ltr' id='par_1_11' title="bbox 2818 3182 3125 3191">
     <span class='ocr_line' id='line_1_23' title="bbox 2818 3182 3125 3191; baseline 0 2009"><span class='ocrx_word' id='word_1_159' title='bbox 2818 3182 3125 3191; x_wconf 95' lang='lat' dir='ltr'> </span> 
     </span>
    </p>
   </div>
   <div class='ocr_carea' id='block_1_11' title="bbox 855 3352 3045 3509">
    <p class='ocr_par' dir='ltr' id='par_1_12' title="bbox 855 3352 3045 3509">
     <span class='ocr_line' id='line_1_24' title="bbox 855 3352 3045 3427; baseline 0 -19"><span class='ocrx_word' id='word_1_160' title='bbox 855 3371 892 3408; x_wconf 86' lang='lat' dir='ltr'>a</span> <span class='ocrx_word' id='word_1_161' title='bbox 931 3353 1141 3408; x_wconf 89' lang='lat' dir='ltr'>mediae</span> <span class='ocrx_word' id='word_1_162' title='bbox 1171 3354 1381 3408; x_wconf 82' lang='lat' dir='ltr'>valvae.</span> <span class='ocrx_word' id='word_1_163' title='bbox 1446 3355 1510 3408; x_wconf 87' lang='lat' dir='ltr'>bb</span> <span class='ocrx_word' id='word_1_164' title='bbox 1546 3352 1859 3421; x_wconf 85' lang='lat' dir='ltr'>hospitalia.</span> <span class='ocrx_word' id='word_1_165' title='bbox 1931 3369 2045 3407; x_wconf 89' lang='lat' dir='ltr'>cccc</span> <span class='ocrx_word' id='word_1_166' title='bbox 2080 3355 2273 3420; x_wconf 83' lang='lat' dir='ltr'>portae</span> <span class='ocrx_word' id='word_1_167' title='bbox 2302 3353 2554 3408; x_wconf 81' lang='lat' dir='ltr'>laterum.</span> <span class='ocrx_word' id='word_1_168' title='bbox 2621 3356 2729 3409; x_wconf 92' lang='lat' dir='ltr'>PP</span> <span class='ocrx_word' id='word_1_169' title='bbox 2766 3363 3045 3427; x_wconf 69' lang='grc' dir='ltr'><strong><em>περίακτοι.</em></strong></span> 
     </span>
     <span class='ocr_line' id='line_1_25' title="bbox 1147 3438 2745 3509; baseline 0.002 -16"><span class='ocrx_word' id='word_1_170' title='bbox 1147 3441 1191 3494; x_wconf 81' lang='lat' dir='ltr'>ii</span> <span class='ocrx_word' id='word_1_171' title='bbox 1226 3439 1430 3493; x_wconf 88' lang='lat' dir='ltr'>itinera</span> <span class='ocrx_word' id='word_1_172' title='bbox 1469 3457 1827 3493; x_wconf 86' lang='lat' dir='ltr'>versurarum.</span> <span class='ocrx_word' id='word_1_173' title='bbox 1917 3438 2027 3493; x_wconf 88' lang='lat' dir='ltr'>VV</span> <span class='ocrx_word' id='word_1_174' title='bbox 2056 3456 2311 3493; x_wconf 82' lang='lat' dir='ltr'>versurae</span> <span class='ocrx_word' id='word_1_175' title='bbox 2346 3445 2745 3509; x_wconf 78' lang='lat' dir='ltr'>procurrentes.</span> 
     </span>
    </p>
   </div>
   <div class='ocr_carea' id='block_1_12' title="bbox 787 3556 1174 3563">
    <p class='ocr_par' dir='ltr' id='par_1_13' title="bbox 787 3556 1174 3563">
     <span class='ocr_line' id='line_1_26' title="bbox 787 3556 1174 3563; baseline 0 1637"><span class='ocrx_word' id='word_1_176' title='bbox 787 3556 1174 3563; x_wconf 95' lang='lat' dir='ltr'> </span> 
     </span>
    </p>
   </div>
   <div class='ocr_carea' id='block_1_13' title="bbox 786 3609 3128 4373">
    <p class='ocr_par' dir='ltr' id='par_1_14' title="bbox 786 3609 3128 4373">
     <span class='ocr_line' id='line_1_27' title="bbox 927 3609 3127 3681; baseline 0.003 -18"><span class='ocrx_word' id='word_1_177' title='bbox 927 3610 977 3679; x_wconf 89' lang='lat'>1)</span> <span class='ocrx_word' id='word_1_178' title='bbox 1015 3626 1156 3677; x_wconf 86' lang='lat' dir='ltr'>quae</span> <span class='ocrx_word' id='word_1_179' title='bbox 1191 3609 1237 3664; x_wconf 88' lang='lat' dir='ltr'>si</span> <span class='ocrx_word' id='word_1_180' title='bbox 1275 3609 1589 3674; x_wconf 78' lang='lat' dir='ltr'>defuissent,</span> <span class='ocrx_word' id='word_1_181' title='bbox 1632 3627 1743 3664; x_wconf 91' lang='lat' dir='ltr'>non</span> <span class='ocrx_word' id='word_1_182' title='bbox 1781 3628 1945 3663; x_wconf 90' lang='lat' dir='ltr'>unam</span> <span class='ocrx_word' id='word_1_183' title='bbox 1983 3611 2076 3663; x_wconf 87' lang='lat' dir='ltr'>sed</span> <span class='ocrx_word' id='word_1_184' title='bbox 2113 3610 2249 3663; x_wconf 84' lang='lat' dir='ltr'>duas</span> <span class='ocrx_word' id='word_1_185' title='bbox 2288 3627 2498 3679; x_wconf 84' lang='lat' dir='ltr'>semper</span> <span class='ocrx_word' id='word_1_186' title='bbox 2534 3612 2901 3678; x_wconf 80' lang='lat' dir='ltr'>periactoruni</span> <span class='ocrx_word' id='word_1_187' title='bbox 2926 3616 3127 3681; x_wconf 88' lang='lat' dir='ltr'>partes</span> 
     </span>
     <span class='ocr_line' id='line_1_28' title="bbox 786 3695 3128 3765; baseline 0.002 -16"><span class='ocrx_word' id='word_1_188' title='bbox 786 3695 846 3749; x_wconf 90' lang='lat' dir='ltr'>in</span> <span class='ocrx_word' id='word_1_189' title='bbox 882 3699 1176 3765; x_wconf 83' lang='lat' dir='ltr'>conspectu</span> <span class='ocrx_word' id='word_1_190' title='bbox 1223 3695 1543 3750; x_wconf 81' lang='lat' dir='ltr'>habuissent</span> <span class='ocrx_word' id='word_1_191' title='bbox 1577 3698 1927 3765; x_wconf 78' lang='lat' dir='ltr'>spectatores.</span> <span class='ocrx_word' id='word_1_192' title='bbox 2015 3698 2198 3764; x_wconf 87' lang='lat' dir='ltr'>Atque</span> <span class='ocrx_word' id='word_1_193' title='bbox 2236 3696 2566 3751; x_wconf 85' lang='lat' dir='ltr'>architectus</span> <span class='ocrx_word' id='word_1_194' title='bbox 2599 3697 2822 3764; x_wconf 88' lang='lat' dir='ltr'>quidam</span> <span class='ocrx_word' id='word_1_195' title='bbox 2874 3696 3128 3753; x_wconf 89' lang='lat' dir='ltr'>Lohde</span> 
     </span>
     <span class='ocr_line' id='line_1_29' title="bbox 788 3782 3125 3852; baseline 0 -16"><span class='ocrx_word' id='word_1_196' title='bbox 788 3784 900 3852; x_wconf 79' lang='lat' dir='ltr'>(die</span> <span class='ocrx_word' id='word_1_197' title='bbox 936 3783 1114 3837; x_wconf 81' lang='lat' dir='ltr'>Skene</span> <span class='ocrx_word' id='word_1_198' title='bbox 1151 3783 1246 3837; x_wconf 85' lang='lat' dir='ltr'>der</span> <span class='ocrx_word' id='word_1_199' title='bbox 1285 3782 1483 3847; x_wconf 90' lang='lat' dir='ltr'>Alten,</span> <span class='ocrx_word' id='word_1_200' title='bbox 1526 3782 1710 3837; x_wconf 89' lang='lat' dir='ltr'>Berlin</span> <span class='ocrx_word' id='word_1_201' title='bbox 1751 3782 1899 3847; x_wconf 88' lang='grc'><strong>1860,</strong></span> <span class='ocrx_word' id='word_1_202' title='bbox 1939 3801 1988 3851; x_wconf 87' lang='lat' dir='ltr'>p.</span> <span class='ocrx_word' id='word_1_203' title='bbox 2031 3784 2114 3851; x_wconf 86' lang='lat'>10)</span> <span class='ocrx_word' id='word_1_204' title='bbox 2168 3784 2235 3837; x_wconf 90' lang='lat' dir='ltr'>de</span> <span class='ocrx_word' id='word_1_205' title='bbox 2272 3784 2508 3837; x_wconf 88' lang='lat' dir='ltr'>versuris</span> <span class='ocrx_word' id='word_1_206' title='bbox 2556 3801 2766 3837; x_wconf 89' lang='lat' dir='ltr'>mecum</span> <span class='ocrx_word' id='word_1_207' title='bbox 2819 3785 3125 3848; x_wconf 85' lang='lat' dir='ltr'>consentit,</span> 
     </span>
     <span class='ocr_line' id='line_1_30' title="bbox 787 3866 3124 3938; baseline 0 -15"><span class='ocrx_word' id='word_1_208' title='bbox 787 3870 910 3934; x_wconf 88' lang='lat' dir='ltr'>sed,</span> <span class='ocrx_word' id='word_1_209' title='bbox 947 3868 1124 3924; x_wconf 90' lang='lat' dir='ltr'>nescio</span> <span class='ocrx_word' id='word_1_210' title='bbox 1159 3885 1358 3937; x_wconf 89' lang='lat' dir='ltr'>quare,</span> <span class='ocrx_word' id='word_1_211' title='bbox 1397 3866 1581 3921; x_wconf 90' lang='lat' dir='ltr'>aditus</span> <span class='ocrx_word' id='word_1_212' title='bbox 1618 3867 1743 3921; x_wconf 91' lang='lat' dir='ltr'>illos</span> <span class='ocrx_word' id='word_1_213' title='bbox 1781 3868 1928 3922; x_wconf 87' lang='lat' dir='ltr'>inter</span> <span class='ocrx_word' id='word_1_214' title='bbox 1966 3869 2235 3937; x_wconf 87' lang='lat' dir='ltr'>periactos</span> <span class='ocrx_word' id='word_1_215' title='bbox 2272 3872 2330 3923; x_wconf 86' lang='lat' dir='ltr'>et</span> <span class='ocrx_word' id='word_1_216' title='bbox 2366 3887 2594 3923; x_wconf 88' lang='lat' dir='ltr'>scaenae</span> <span class='ocrx_word' id='word_1_217' title='bbox 2633 3870 2868 3923; x_wconf 85' lang='lat' dir='ltr'>frontem</span> <span class='ocrx_word' id='word_1_218' title='bbox 2907 3870 3124 3938; x_wconf 81' lang='lat' dir='ltr'>posuit.</span> 
     </span>
     <span class='ocr_line' id='line_1_31' title="bbox 788 3955 3123 4024; baseline 0 -13"><span class='ocrx_word' id='word_1_219' title='bbox 788 3957 1191 4012; x_wconf 80' lang='lat' dir='ltr'>Godoiredo</span> <span class='ocrx_word' id='word_1_220' title='bbox 1236 3956 1636 4009; x_wconf 88' lang='lat' dir='ltr'>Hermanno</span> <span class='ocrx_word' id='word_1_221' title='bbox 1697 3957 1857 4021; x_wconf 90' lang='lat' dir='ltr'>(neue</span> <span class='ocrx_word' id='word_1_222' title='bbox 1908 3955 2062 4009; x_wconf 85' lang='lat' dir='ltr'>Jena.</span> <span class='ocrx_word' id='word_1_223' title='bbox 2111 3956 2646 4024; x_wconf 85' lang='lat' dir='ltr'>Litteraturzeitung</span> <span class='ocrx_word' id='word_1_224' title='bbox 2708 3956 2839 4009; x_wconf 77' lang='lat'>1843</span> <span class='ocrx_word' id='word_1_225' title='bbox 2890 3973 2974 4010; x_wconf 91' lang='lat' dir='ltr'>nr.</span> <span class='ocrx_word' id='word_1_226' title='bbox 3018 3959 3123 4011; x_wconf 87' lang='grc'>147</span> 
     </span>
     <span class='ocr_line' id='line_1_32' title="bbox 788 4041 3125 4113; baseline -0.001 -14"><span class='ocrx_word' id='word_1_227' title='bbox 788 4064 839 4113; x_wconf 91' lang='lat' dir='ltr'>p.</span> <span class='ocrx_word' id='word_1_228' title='bbox 878 4044 1000 4111; x_wconf 87' lang='grc'>599)</span> <span class='ocrx_word' id='word_1_229' title='bbox 1051 4042 1290 4111; x_wconf 87' lang='lat' dir='ltr'>placuit,</span> <span class='ocrx_word' id='word_1_230' title='bbox 1342 4044 1406 4095; x_wconf 89' lang='lat' dir='ltr'>ut</span> <span class='ocrx_word' id='word_1_231' title='bbox 1453 4041 1598 4095; x_wconf 86' lang='lat' dir='ltr'>inter</span> <span class='ocrx_word' id='word_1_232' title='bbox 1648 4042 1919 4111; x_wconf 88' lang='lat' dir='ltr'>periactos</span> <span class='ocrx_word' id='word_1_233' title='bbox 1966 4043 2023 4094; x_wconf 87' lang='lat' dir='ltr'>et</span> <span class='ocrx_word' id='word_1_234' title='bbox 2072 4042 2305 4097; x_wconf 90' lang='lat' dir='ltr'>frontem</span> <span class='ocrx_word' id='word_1_235' title='bbox 2356 4059 2584 4097; x_wconf 87' lang='lat' dir='ltr'>scaenae</span> <span class='ocrx_word' id='word_1_236' title='bbox 2636 4044 2800 4110; x_wconf 86' lang='lat' dir='ltr'>atque</span> <span class='ocrx_word' id='word_1_237' title='bbox 2842 4058 2953 4109; x_wconf 89' lang='lat' dir='ltr'>quo</span> <span class='ocrx_word' id='word_1_238' title='bbox 2994 4042 3125 4097; x_wconf 91' lang='lat' dir='ltr'>loco</span> 
     </span>
     <span class='ocr_line' id='line_1_33' title="bbox 788 4128 3124 4197; baseline 0 -14"><span class='ocrx_word' id='word_1_239' title='bbox 788 4147 886 4184; x_wconf 89' lang='lat' dir='ltr'>nos</span> <span class='ocrx_word' id='word_1_240' title='bbox 945 4130 1198 4184; x_wconf 87' lang='lat' dir='ltr'>volumus</span> <span class='ocrx_word' id='word_1_241' title='bbox 1264 4128 1448 4182; x_wconf 87' lang='lat' dir='ltr'>aditus</span> <span class='ocrx_word' id='word_1_242' title='bbox 1518 4132 1736 4197; x_wconf 88' lang='lat' dir='ltr'>praesto</span> <span class='ocrx_word' id='word_1_243' title='bbox 1800 4128 2023 4183; x_wconf 88' lang='lat' dir='ltr'>fuerint.</span> <span class='ocrx_word' id='word_1_244' title='bbox 2133 4129 2473 4183; x_wconf 86' lang='lat' dir='ltr'>Albertus</span> <span class='ocrx_word' id='word_1_245' title='bbox 2526 4129 2923 4182; x_wconf 87' lang='lat' dir='ltr'>Muellerus</span> <span class='ocrx_word' id='word_1_246' title='bbox 2982 4130 3041 4196; x_wconf 85' lang='lat' dir='ltr'>(l.</span> <span class='ocrx_word' id='word_1_247' title='bbox 3086 4130 3124 4183; x_wconf 89' lang='lat'>1.</span> 
     </span>
     <span class='ocr_line' id='line_1_34' title="bbox 789 4208 3126 4286; baseline 0 -17"><span class='ocrx_word' id='word_1_248' title='bbox 789 4236 840 4286; x_wconf 91' lang='lat' dir='ltr'>p.</span> <span class='ocrx_word' id='word_1_249' title='bbox 882 4216 978 4268; x_wconf 88' lang='grc'>119</span> <span class='ocrx_word' id='word_1_250' title='bbox 1012 4216 1112 4282; x_wconf 90' lang='lat' dir='ltr'>sq.)</span> <span class='ocrx_word' id='word_1_251' title='bbox 1151 4231 1262 4268; x_wconf 92' lang='lat' dir='ltr'>non</span> <span class='ocrx_word' id='word_1_252' title='bbox 1297 4208 1432 4267; x_wconf 83' lang='lat' dir='ltr'>satis</span> <span class='ocrx_word' id='word_1_253' title='bbox 1469 4214 1748 4283; x_wconf 85' lang='lat' dir='ltr'>perspicue</span> <span class='ocrx_word' id='word_1_254' title='bbox 1785 4216 1851 4267; x_wconf 89' lang='lat' dir='ltr'>de</span> <span class='ocrx_word' id='word_1_255' title='bbox 1888 4213 1990 4268; x_wconf 85' lang='lat' dir='ltr'>hac</span> <span class='ocrx_word' id='word_1_256' title='bbox 2027 4231 2088 4267; x_wconf 91' lang='lat' dir='ltr'>re</span> <span class='ocrx_word' id='word_1_257' title='bbox 2124 4214 2447 4283; x_wconf 88' lang='lat' dir='ltr'>disputavit.</span> <span class='ocrx_word' id='word_1_258' title='bbox 2522 4214 2600 4267; x_wconf 91' lang='lat' dir='ltr'>Ac</span> <span class='ocrx_word' id='word_1_259' title='bbox 2639 4216 2914 4278; x_wconf 75' lang='lat' dir='ltr'>conferaS,</span> <span class='ocrx_word' id='word_1_260' title='bbox 2973 4232 3126 4282; x_wconf 86' lang='lat' dir='ltr'>quae</span> 
     </span>
     <span class='ocr_line' id='line_1_35' title="bbox 788 4299 2974 4373; baseline -0 -19"><span class='ocrx_word' id='word_1_261' title='bbox 788 4301 931 4355; x_wconf 90' lang='lat' dir='ltr'>idem</span> <span class='ocrx_word' id='word_1_262' title='bbox 968 4301 1035 4354; x_wconf 91' lang='lat' dir='ltr'>de</span> <span class='ocrx_word' id='word_1_263' title='bbox 1069 4299 1389 4373; x_wconf 84' lang='lat' dir='ltr'>Epidaurici</span> <span class='ocrx_word' id='word_1_264' title='bbox 1423 4301 1631 4356; x_wconf 89' lang='lat' dir='ltr'>theatri</span> <span class='ocrx_word' id='word_1_265' title='bbox 1670 4300 1909 4355; x_wconf 87' lang='lat' dir='ltr'>aditibus</span> <span class='ocrx_word' id='word_1_266' title='bbox 1944 4300 2001 4353; x_wconf 93' lang='lat' dir='ltr'>in</span> <span class='ocrx_word' id='word_1_267' title='bbox 2040 4318 2093 4369; x_wconf 89' lang='lat' dir='ltr'>p.</span> <span class='ocrx_word' id='word_1_268' title='bbox 2114 4301 2179 4354; x_wconf 83' lang='lat'>27</span> <span class='ocrx_word' id='word_1_269' title='bbox 2204 4318 2282 4368; x_wconf 89' lang='lat' dir='ltr'>sq.</span> <span class='ocrx_word' id='word_1_270' title='bbox 2324 4301 2510 4354; x_wconf 90' lang='lat' dir='ltr'>adnot.</span> <span class='ocrx_word' id='word_1_271' title='bbox 2543 4304 2576 4354; x_wconf 89' lang='lat'>4</span> <span class='ocrx_word' id='word_1_272' title='bbox 2616 4300 2974 4354; x_wconf 86' lang='lat' dir='ltr'>demonstret.</span> 
     </span>
    </p>
   </div>
   <div class='ocr_carea' id='block_1_14' title="bbox 3212 556 3223 1992">
    <p class='ocr_par' dir='ltr' id='par_1_15' title="bbox 3212 556 3223 1992">
     <span class='ocr_line' id='line_1_36' title="bbox 3212 556 3223 1992; baseline 0 0"><span class='ocrx_word' id='word_1_273' title='bbox 3212 556 3223 1992; x_wconf 95' lang='lat' dir='ltr'> </span> 
     </span>
    </p>
   </div>
  </div>
 </body>
</html>
