3225 5200
803 483 1006 569 ras,

339 666 376 725 01
406 659 527 725 aditum
556 656 593 720 ad
616 674 717 720 arcem
752 657 781 721 01
819 662 920 737 cogat.
964 658 1032 735 Qua
1063 678 1096 722 re
1124 660 1327 724 exacerbatae
1355 661 1497 725 mulieres
1588 722 1589 725 ,

342 778 422 840 0000
445 761 476 823 10
499 757 587 837 lugeo
613 761 779 819 versantur
807 775 917 825 ,manus
939 776 1006 822 curn
1028 759 1164 824 Probulo
1186 761 1312 841 eiusque
1334 762 1496 826 comitibus

341 861 521 939 congerunt,
549 874 626 940 quos
656 874 761 919 omnes
788 859 950 921 046210
974 857 1078 939 fugam
1100 860 1264 924 coniciunt.
1308 861 1416 942 Neque
1437 864 1497 927 col·
1588 936 1589 939 Ἴ

340 959 442 1039 loquio
466 976 534 1021 curn
555 956 731 1037 Lysistrate
750 957 1058 1037 ceterisqueleminis
1084 959 1313 1024 lactoProbulo
1336 963 1497 1039 contingit,

340 1065 375 1122 ut
405 1058 436 1120 in
466 1075 568 1120 arcem
597 1056 703 1136 intret,
732 1057 785 1120 sed
817 1061 915 1121 0013
945 1059 1003 1121 0101
1030 1061 1167 1141 00000101
1196 1077 1307 1124 canore
1334 1068 1496 1140 coguntur.

296 1241 298 1245 ¹
340 1158 455 1236 Quibus
491 1175 528 1219 ex
561 1156 703 1220 omuibus
743 1156 884 1238 equidem
921 1157 1101 1221 concludam
1137 1158 1307 1223 Probulum
1337 1179 1403 1224 curn
1432 1162 1496 1224 suis
1588 1228 1589 1239 ,

339 1255 511 1335 ceterisque
533 1255 607 1319 01010
629 1255 847 1336 perparodurn
872 1256 1045 1335 ingressum
1063 1276 1184 1339 semper
1204 1258 1269 1322 1000
1290 1260 1321 1322 10
1339 1259 1497 1323 orchestra
1588 1260 1589 1275 ¹

339 1373 498 1418 remanere
534 1361 675 1419 coactum
719 1354 824 1433 fuisse,
862 1374 930 1419 turn
971 1357 1113 1422 mulieres
1140 1375 1282 1427 scaenam
1313 1359 1358 1421 val
1395 1376 1496 1423 arcem

339 1472 459 1535 semper
496 1454 713 1534 occupaverint
748 1472 849 1535 neque
885 1458 1025 1536 cuiquam
1059 1459 1135 1532 viro,
1170 1465 1382 1538 0000000010
1407 1477 1496 1537 quem
1588 1458 1589 1461 ’

339 1553 518 1618 videbamus
549 1551 682 1630 Cinesia,
713 1553 832 1617 aditum
868 1558 1086 1621 concesserint.
1130 1556 1218 1634 Quod
1243 1558 1267 1619 si
1297 1565 1411 1621 rectum
1441 1570 1497 1637 est,
1588 1542 1589 1621 ἶ

338 1670 519 1733 praeconem
546 1671 614 1717 eum
637 1652 773 1717 Probulo
796 1673 815 1718 a
836 1673 929 1718 versu
952 1657 1056 1720 08010
1075 1655 1233 1720 orchestra
1251 1662 1407 1721 versatum
1431 1675 1498 1727 esse
1588 1656 1589 1717 3

338 1753 387 1816 010
418 1752 649 1816 commemorari
679 1752 782 1832 debet,
813 1760 908 1833 atque
937 1774 991 1836 por
1021 1773 1053 1819 se
1083 1763 1215 1835 apparet
1239 1756 1498 1820 Lacedaemonios

338 1860 369 1916 01
399 1852 614 1930 Athenienses,
642 1853 694 1931 qui
734 1853 858 1916 tertium
889 1855 975 1934 quasi
1005 1855 1131 1918 chorum
1161 1854 1357 1919 conficientes
1387 1874 1498 1934 magna
1588 1846 1589 1929 J

338 1952 430 2016 turba
458 1951 586 2016 01016
615 1958 647 2015 01
674 1970 701 2018 vt
725 1953 804 2016 1080
832 1959 1016 2033 accurrunt,
1046 1954 1076 2016 in
1106 1954 1267 2017 orchestra
1296 1972 1369 2019 suas
1398 1957 1498 2032 egisse

337 2057 453 2133 partes,
484 2051 583 2117 donec
608 2052 785 2133 Lysistrate
815 2052 997 2136 Arultayq'u
1024 2053 1112 2116 deam
1140 2072 1192 2117 eos
1211 2054 1250 2117 ad
1273 2073 1305 2118 se
1321 2056 1352 2117 in
1375 2054 1495 2134 logeum
1588 2048 1589 2055 '

338 2151 492 2215 adducere
519 2152 604 2216 iubet
635 2151 786 2234 (00.1110
818 2157 850 2215 01
881 2153 980 2232 1120).
1025 2153 1069 2216 De
1097 2152 1157 2216 fine
1185 2153 1307 2216 tabulae
1330 2172 1424 2233 supra
1454 2153 1497 2235 (in

336 2269 408 2332 pag.
427 2251 479 2330 35)
513 2251 590 2315 satis
629 2251 864 2333 disputavimus.
909 2252 1042 2315 Videsne
1067 2270 1160 2332 quarn
1191 2253 1347 2332 ingeniose
1377 2253 1497 2315 Aristo·
1588 2286 1589 2333 3

336 2350 464 2431 phanes
493 2351 654 2414 mulierum
685 2369 703 2413 0
743 2351 879 2414 virorum
918 2352 1059 2431 partibus
1098 2352 1283 2416 disiunxerit
1312 2359 1407 2432 atque
1435 2352 1496 2415 illis
1588 2340 1589 2409 f

337 2469 492 2528 scaenam,
529 2450 577 2513 bis
609 2449 799 2514 orchestram
836 2450 1024 2530 attribuerit,
1055 2470 1121 2515 euni
1145 2458 1279 2530 angusta
1308 2468 1419 2513 scaeua
1448 2457 1497 2513 101
1588 2464 1589 2515 3

335 2551 510 2616 hominibus
546 2549 736 2615 commodum
770 2550 904 2633 spatium
941 2569 1001 2614 non
1031 2551 1234 2633 praebuerit?
1281 2550 1388 2630 Neque
1415 2550 1495 2614 enirn
1588 2570 1589 2612 i

335 2670 461 2717 causam
490 2650 648 2728 habemus,
679 2668 735 2714 cur
762 2651 897 2715 Graecos
925 2652 1028 2732 ampla
1057 2652 1200 2716 orchesta
1229 2669 1300 2715 usos
1316 2668 1383 2715 esse
1403 2651 1496 2715 dene·
1588 2645 1589 2700 ἓ

331 2769 450 2832 gemus,
473 2751 499 2815 si
521 2750 600 2830 logei
624 2751 762 2831 spatium
783 2770 845 2814 non
872 2750 1035 2814 suffecerit.

414 2883 471 2946 Vix
489 2881 646 2963 estquod
665 2900 815 2962 exponam
832 2882 995 2946 sollemnes
1021 2900 1160 2965 pompas,
1185 2900 1316 2962 quarum
1329 2880 1493 2945 nonnullas
1588 2873 1589 2920 ³

330 3001 425 3067 supra
435 2982 677 3062 iamattigirnus‚
691 3000 748 3062 000
762 2981 953 3046 orchestram
964 3001 1101 3064 gressum
1120 2983 1230 3046 tulisse
1243 3000 1359 3065 easque
1371 3000 1493 3062 semper
1588 3033 1589 3046 a

329 3083 392 3148 1000
411 3083 521 3147 chorus
543 3082 685 3147 cantibus
707 3083 753 3146 vel
779 3082 898 3146 salutat
920 3083 968 3146 vel
988 3088 1167 3147 comitatur.
1210 3083 1255 3146 De
1274 3100 1387 3165 pompa
1411 3100 1492 3162 quae
1588 3077 1589 3154 ᾖ

329 3182 422 3247 finem
446 3182 590 3263 Aeschyli
611 3180 768 3263 Septem
796 3182 900 3263 explet
932 3184 962 3245 in
992 3200 1063 3263 pag.
1080 3184 1121 3246 40
1145 3183 1205 3244 iam
1235 3182 1377 3261 diximus,
1397 3188 1494 3261 atque

329 3283 435 3347 eadem
458 3282 571 3345 100010
600 3280 761 3362 Euripidis
784 3281 1021 3362 supplicum
1043 3301 1071 3344 v.
1088 3282 1147 3345 706
1167 3289 1318 3360 geruntur
1349 3298 1410 3363 quo
1434 3279 1494 3343 lec·
1588 3311 1589 3336 2

330 3382 434 3447 titulis
465 3399 595 3462 corpora
626 3387 746 3461 septem
778 3382 917 3462 heroum,
941 3382 994 3465 qui
1016 3388 1090 3445 ante
1111 3380 1286 3444 Thebarum
1309 3387 1416 3461 portas
1440 3397 1493 3459 pe·
1588 3387 1589 3392 ’

330 3482 460 3559 0100001,
489 3483 708 3565 importantur,
746 3482 929 3563 quibuscum
960 3483 1121 3547 Adrastus
1150 3484 1256 3559 intrat,
1287 3486 1323 3544 01
1350 3481 1492 3544 00011000
1588 3539 1589 3542 ,

329 3581 451 3646 funebri
472 3589 668 3646 mortuorum
688 3582 822 3646 01010100
846 3583 1016 3663 praedicet.
1061 3584 1164 3662 Atque
1187 3587 1283 3645 totam
1300 3598 1442 3662 pompam
1461 3579 1493 3641 in
1588 3615 1589 3640 i

330 3680 520 3745 orchestram
542 3680 792 3744 transferendam
816 3699 882 3744 0000
905 3682 964 3744 iarn
994 3680 1164 3745 multitudo
1188 3686 1330 3743 actorum
1345 3677 1491 3758 deposcit.

328 3781 438 3861 Neque
459 3799 552 3861 porro
581 3798 676 3844 causa
698 3786 746 3844 est
765 3798 864 3860 quare
887 3780 996 3844 funera
1022 3780 1053 3842 in
1066 3779 1188 3859 logeum
1200 3779 1320 3859 portari
1330 3776 1493 3841 debuerint
1588 3801 1589 3854 l

329 3888 458 3962 excepto
481 3898 543 3944 uno
566 3877 712 3960 Capanei,
725 3880 809 3963 quod
837 3879 975 3943 Theseus
997 3880 1097 3943 0910
1119 3880 1150 3942 in
1171 3896 1349 3958 rogoprope
1369 3876 1491 3940 domurn
1588 3885 1589 3952 i

329 3982 447 4061 regiam
480 3984 640 4043 exstructo
666 3981 798 4043 cremari
824 3980 917 4044 iubet.
961 3981 1064 4059 Atque
1094 3996 1214 4055 caveas,
1235 3995 1274 4039 nc
1295 3994 1333 4039 ex
1355 3975 1490 4055 eoquod

329 4087 446 4145 matres
473 4085 675 4157 mortuorum,
698 4098 777 4160 quae
800 4081 884 4144 cbori
902 4087 1010 4161 partes
1029 4085 1136 4159 agunt,
1159 4079 1198 4143 ab
1220 4075 1357 4140 Adrasto
1378 4081 1490 4182 petant
1588 4103 1589 4184 0

328 4183 438 4264 (0810
458 4180 556 4260 000.);
