3225 5200
690 457 708 520 7

116 648 174 710 pro
205 638 288 696 certo
318 632 474 698 habemus.
516 633 582 700 Nec
608 634 698 699 deest
715 633 929 699 testimonium
952 633 1087 699 Pollucis
1109 634 1173 714 (IV,
1188 633 1272 715 124),

117 734 171 813 qui
200 733 339 814 quamvis
367 734 438 797 aliis
466 734 568 797 verbis
599 733 706 798 eadem
723 732 830 798 affert:
854 735 893 797 τό
915 733 953 795 δὲ
973 731 1172 818 ὑποσκήνιον
1191 738 1277 798 κίοσι

115 834 172 895 καὶ
190 833 399 913 οἷγαλμοιτίοις
419 832 600 915 κεκόσμητο
619 834 703 912 πρός
723 833 761 895 τό
784 836 928 914 θέατρον
948 840 1185 913 τετραμμένοις,
1208 833 1277 897 sind

115 933 155 994 co
183 932 306 1013 λογεῖον·
334 937 491 1012 κείμενον,
513 950 591 1012 quae
621 931 715 995 uerba
743 932 859 1012 optime
886 932 1046 1013 quadrant
1073 932 1116 996 ad
1138 933 1275 1013 amplum

116 1033 195 1097 illud
221 1033 356 1113 spatium
382 1032 438 1095 sub
459 1031 582 1112 pulpito
603 1032 667 1095 late
688 1038 850 1096 extensum
874 1034 999 1113 eiusque
1019 1031 1151 1097 frontem
1173 1033 1276 1098 ador-

115 1132 405 1198 chcstramuersam
427 1139 521 1213 atque
540 1133 731 1197 ornamentis
742 1132 919 1198 decoratam
932 1132 965 1215 ¹).
1007 1133 1110 1213 Ipsius
1132 1150 1275 1213 proscae-

115 1234 158 1296 nii
180 1231 276 1296 ucrbo
299 1232 409 1295 Pollux
438 1226 616 1313 utiturque
638 1231 704 1295 loco
722 1232 786 1314 (IV,
811 1232 885 1315 123)
906 1231 1022 1297 theatri
1041 1234 1176 1313 partium
1200 1234 1276 1303 hacc

114 1331 204 1396 affert
227 1333 368 1395 nomina:
392 1334 502 1416 σκηνή,
532 1332 704 1416 ὀρχήστρα,
723 1334 856 1413 λογεῖον,
878 1332 1086 1420 προσκήνιον,
1108 1334 1277 1417 παρασκή-

113 1455 177 1511 νιοι,
207 1430 398 1514 ιῖποσκήνιο.
443 1432 561 1510 Quibus
589 1451 627 1496 ex
655 1433 758 1497 verbis
789 1433 815 1496 si
850 1433 923 1513 quid
951 1432 1178 1513 concludamus,
1207 1450 1274 1497 oum

114 1530 287 1597 Wieselero
316 1533 363 1613 (in
388 1531 507 1595 Erschii
531 1537 564 1596 et
587 1531 721 1596 Gruberi
750 1532 770 1596 l.
791 1533 809 1595 l.
833 1550 863 1612 p.
875 1535 932 1597 241
952 1551 996 1613 sq.
1019 1531 1089 1595 adn.
1112 1531 1168 1612 69)
1191 1532 1274 1596 arbi-

114 1638 236 1697 tremur
274 1631 431 1695 Pollucem
465 1631 596 1712 primum
633 1632 755 1711 quidem
794 1637 902 1712 partes
938 1630 1052 1696 theatri
1090 1632 1273 1712 primarias:

113 1748 260 1794 scaenam
285 1736 318 1794 ct
349 1731 553 1807 orchestram,
583 1737 649 1794 tum
678 1731 755 1794 alias
784 1748 916 1794 scaenae
945 1729 1201 1811 significationes:
1231 1732 1273 1794 lo

113 1848 205 1909 geum
230 1835 263 1893 et
283 1830 509 1910 proscaenium,
533 1830 664 1911 denique
683 1830 787 1911 spatia
810 1830 850 1894 ad
874 1830 1161 1911 illamspectantia:
1182 1848 1273 1910 para-

113 1929 240 1993 scaenia
277 1934 308 1992 et
337 1927 546 2009 hyposcaenia
576 1947 732 2008 enarrare,
770 1932 822 2010 qui
853 1949 921 1994 cum
947 1935 1056 2011 postea
1085 1929 1122 1993 de
1150 1947 1273 2018 scaena,

115 2028 287 2108 orchestra,
314 2028 520 2108 hyposcaenio
542 2030 718 2093 accuratius
741 2029 888 2111 disputet,
910 2030 949 2093 de
969 2031 1056 2110 lugeo
1077 2029 1274 2109 proscaenio·

113 2145 173 2208 que
194 2145 232 2191 ne
254 2145 349 2191 unum
368 2127 492 2207 quidem
515 2127 642 2192 verbum
664 2128 795 2209 amplius
817 2128 967 2209 proferat.

111 2369 198 2436 loqui,
224 2386 290 2424 nam
314 2368 371 2423 illis
394 2370 473 2425 scalis
494 2387 550 2425 non
573 2373 646 2426 solos
670 2373 814 2427 choraulas
836 2388 898 2426 usos
920 2370 1002 2426 fuisse
1024 2388 1089 2426 mox
1111 2371 1272 2425 ridebimus.

110 2455 210 2522 Neque
236 2454 386 2510 Wieselero
410 2457 551 2521 assentiar,
576 2457 625 2526 qui
647 2459 676 2511 in
700 2457 834 2528 disputat.
857 2475 923 2514 suae
945 2476 1026 2526 quam
1054 2459 1135 2512 modo
1160 2456 1273 2511 laudavi

111 2559 138 2610 p.
160 2543 191 2595 15
207 2559 246 2611 sq.
275 2542 453 2616 comprobare
483 2543 602 2609 studuit,
631 2544 763 2600 hocloco
786 2547 935 2615 προσκήνιον
961 2563 1011 2615 pro
1041 2561 1154 2602 scaenae
1183 2545 1272 2600 fronte

111 2628 243 2698 usurpari
273 2631 302 2682 et
338 2629 440 2684 talibus
471 2632 569 2691 κλίμαξι
600 2630 707 2699 (quales
737 2630 766 2684 in
789 2622 981 2686 Wieseleri
1011 2649 1131 2686 monum.
1157 2632 1272 2685 scaenis.

111 2713 201 2767 tabul.
219 2713 268 2777 IX,
280 2716 309 2767 ll
322 2717 351 2769 et
369 2717 399 2768 12
428 2715 551 2785 depictas
577 2716 719 2786 invenies),
742 2717 897 2780 histriones,
920 2717 1027 2785 quoties
1045 2716 1157 2770 fabulae
1176 2719 1271 2787 postu·

111 2799 240 2863 laverint,
265 2800 372 2871 inipso
391 2803 470 2872 lugeo
490 2803 525 2857 ad
550 2803 683 2858 fenestras
705 2805 844 2869 domuum,
871 2821 942 2871 quae
966 2804 994 2857 in
1014 2820 1112 2857 scaena
1132 2802 1269 2867 steterint,

110 2886 271 2941 ascendisse.
309 2889 395 2953 Quam
422 2906 477 2944 rem
502 2906 614 2960 perraro
640 2891 670 2944 in
696 2891 841 2946 comoediis
865 2891 982 2945 inveniri
1000 2907 1079 2945 nemo
1097 2889 1219 2959 negabit,
1239 2891 1271 2941 ut

110 2972 176 3026 cum
194 2975 228 3027 de
245 2973 325 3028 scalis
345 2975 373 3027 in
392 2974 509 3029 theatris
526 2975 636 3030 usitatis
653 2977 780 3046 legimus,
803 2978 923 3046 primum
942 2977 1052 3045 quidem
1071 2976 1104 3030 de
1122 2976 1186 3039 illis,
1204 2992 1271 3043 quas

110 3058 282 3113 orchestram
301 3077 362 3114 cum
381 3077 479 3115 scaena
498 3061 670 3117 coniunxisse
692 3063 791 3118 Pollux
803 3063 899 3128 tradit,
920 3063 1071 3132 cogitemus
1088 3060 1270 3116 necessarium

108 3144 245 3199 videatur.

182 3231 206 3300 1)
225 3230 297 3285 idem
308 3230 414 3300 placuit
435 3230 610 3286 Sommerb
620 3232 739 3286 rodtio
758 3232 893 3302 (scaenica
907 3231 1072 3286 Berotrsro
1088 3231 1118 3284 in
1128 3250 1190 3301 pag.
1202 3231 1270 3301 140).

110 3315 401 3371 Schoenbornius
419 3316 448 3383 (l.
467 3317 485 3371 l.
509 3335 535 3387 p.
547 3318 607 3384 101)
625 3322 653 3373 et
671 3318 888 3374 Wieselerus
906 3319 1009 3385 (Ersch.
1029 3321 1057 3372 at
1076 3318 1159 3372 Grub.
1177 3317 1224 3372 l.l.
1244 3337 1270 3388 p,

110 3402 163 3456 219
172 3401 241 3472 sqq.)
267 3402 415 3456 censebant
442 3403 657 3472 hyposoaenium
685 3404 767 3459 fuisse
791 3406 882 3459 locum
909 3406 1046 3473 quendam
1070 3407 1133 3474 post
1157 3420 1271 3458 scaenae

108 3489 230 3543 frontem
261 3489 353 3543 situm.
390 3490 449 3552 Sed,
481 3489 606 3558 quamvis
636 3492 838 3545 concedendum
869 3492 906 3546 sit
932 3492 1072 3546 nonnullis
1102 3490 1168 3545 locis
1192 3493 1271 3559 (quos

109 3575 431 3630 Summerbrodtius
449 3577 466 3629 l.
485 3577 503 3631 l.
530 3576 621 3646 affert)
646 3578 695 3629 ιῖιιὸ
714 3578 804 3645 σκηνῆς
822 3582 850 3632 et
870 3579 919 3630 iord
939 3582 1031 3647 σκηνὴν
1049 3579 1084 3632 ad
1101 3578 1192 3649 spatia
1212 3584 1271 3646 post

108 3677 224 3714 scaenae
243 3660 362 3715 frontem
387 3661 441 3715 sita
465 3664 608 3730 quadrare,
629 3664 662 3719 de
681 3664 740 3733 ipso
759 3664 936 3733 hyposcaenii
955 3666 1037 3719 verbo
1055 3664 1127 3717 idem
1146 3680 1269 3731 compro·

108 3746 172 3800 bari
189 3763 245 3800 non
274 3751 374 3816 potest,
403 3765 492 3816 neque
516 3750 640 3817 equidem
669 3751 773 3816 dubito,
800 3752 867 3819 quin
895 3752 1068 3820 Asopodorus
1091 3750 1120 3803 in
1145 3749 1269 3802 Athen.

108 3832 183 3897 XIV,
193 3833 225 3886 31
245 3850 307 3903 pag.
318 3835 366 3887 631
385 3834 404 3888 f.
424 3836 562 3903 διατρίβων
580 3838 656 3895 αὐτὸς
673 3841 712 3889 ἔτι
729 3841 756 3889 ἓν
774 3836 811 3907 τῷ
831 3838 971 3907 ὑποσκηνίῳ
980 3837 1031 3891 sub
1048 3838 1127 3906 logeo
1148 3838 1270 3890 versatus

107 3919 201 3984 tuerit,
226 3937 287 3973 cum
311 3919 340 3973 in
365 3920 454 3990 spatio
481 3923 571 3976 decem
596 3924 695 3992 pedum
719 3924 785 3990 alto,
811 3941 845 3978 ex
872 3942 926 3993 quo
945 3926 1036 3980 aditus
1054 3925 1084 3978 in
1102 3923 1269 3977 orchestram

76 4070 80 4076 ‚
108 4005 246 4061 exstitisse
277 4006 436 4075 Epidaurici
466 4008 569 4062 theatri
599 3999 731 4078 reliquiae
758 4011 957 4075 demonstrant,
984 4012 1109 4065 tibicines
1135 4011 1179 4065 vel
1201 4010 1269 4063 alios

109 4092 243 4161 quosdam
268 4109 296 4145 se
313 4094 434 4147 tenuisse
456 4099 666 4149 consentaneum
692 4097 826 4153 videatur.
862 4098 914 4164 Qui
933 4097 1074 4152 nobiscum
1098 4098 1217 4151 maxima
1235 4113 1269 4150 ex

108 4180 189 4248 parte
216 4178 353 4232 consentit
379 4179 557 4233 Albertus
575 4181 811 4237 Muellerusin
836 4183 971 4253 Philolog.
998 4184 1091 4237 XXIII
1103 4201 1129 4252 p.
1140 4184 1190 4237 312
1208 4200 1267 4251 sqq.

107 4264 141 4318 de
160 4262 215 4317 hac
231 4279 261 4317 re
277 4265 432 4319 accuratius
450 4264 611 4334 disputavit.
