<?xml version="1.0" encoding="UTF-8"?>
<!DOCTYPE html PUBLIC "-//W3C//DTD XHTML 1.0 Transitional//EN"
    "http://www.w3.org/TR/xhtml1/DTD/xhtml1-transitional.dtd">
<html xmlns="http://www.w3.org/1999/xhtml" xml:lang="en" lang="en">
 <head>
  <title>
</title>
<meta http-equiv="Content-Type" content="text/html;charset=utf-8" />
  <meta name='ocr-system' content='tesseract 3.04.00' />
  <meta name='ocr-capabilities' content='ocr_page ocr_carea ocr_par ocr_line ocrx_word'/>
</head>
<body>
  <div class='ocr_page' id='page_1' title='image "./quaestionesscae00harzgoog_0041.png"; bbox 0 0 3225 5200; ppageno 0'>
   <div class='ocr_carea' id='block_1_1' title="bbox 669 488 709 553">
    <p class='ocr_par' dir='ltr' id='par_1_1' title="bbox 669 488 709 553">
     <span class='ocr_line' id='line_1_1' title="bbox 669 488 709 553; baseline 0 0"><span class='ocrx_word' id='word_1_1' title='bbox 669 488 709 553; x_wconf 84' lang='lat'><strong>33</strong></span> 
     </span>
    </p>
   </div>
   <div class='ocr_carea' id='block_1_2' title="bbox 104 665 1270 1053">
    <p class='ocr_par' dir='ltr' id='par_1_2' title="bbox 104 665 1270 1053">
     <span class='ocr_line' id='line_1_2' title="bbox 193 665 1270 754; baseline 0.007 -23"><span class='ocrx_word' id='word_1_2' title='bbox 193 668 238 731; x_wconf 84' lang='lat' dir='ltr'><strong>Eo</strong></span> <span class='ocrx_word' id='word_1_3' title='bbox 276 665 431 731; x_wconf 91' lang='lat' dir='ltr'><strong>meliorem</strong></span> <span class='ocrx_word' id='word_1_4' title='bbox 474 667 659 731; x_wconf 79' lang='lat' dir='ltr'><strong>sententiam</strong></span> <span class='ocrx_word' id='word_1_5' title='bbox 690 666 727 730; x_wconf 88' lang='lat' dir='ltr'><strong>de</strong></span> <span class='ocrx_word' id='word_1_6' title='bbox 757 667 879 733; x_wconf 86' lang='lat' dir='ltr'>Rhesi</span> <span class='ocrx_word' id='word_1_7' title='bbox 909 689 942 734; x_wconf 92' lang='lat' dir='ltr'><strong>re</strong></span> <span class='ocrx_word' id='word_1_8' title='bbox 972 673 1112 737; x_wconf 89' lang='lat' dir='ltr'><strong>scaenica</strong></span> <span class='ocrx_word' id='word_1_9' title='bbox 1137 676 1270 754; x_wconf 93' lang='lat' dir='ltr'><strong>protulit</strong></span> 
     </span>
     <span class='ocr_line' id='line_1_3' title="bbox 104 766 1269 854; baseline 0.003 -19"><span class='ocrx_word' id='word_1_10' title='bbox 104 769 358 835; x_wconf 84' lang='lat' dir='ltr'><strong>Schoeubornius</strong></span> <span class='ocrx_word' id='word_1_11' title='bbox 385 767 424 849; x_wconf 88' lang='lat' dir='ltr'><strong>(p.</strong></span> <span class='ocrx_word' id='word_1_12' title='bbox 448 768 507 830; x_wconf 82' lang='grc'><strong>244</strong></span> <span class='ocrx_word' id='word_1_13' title='bbox 529 766 600 850; x_wconf 86' lang='grc'><strong>66),</strong></span> <span class='ocrx_word' id='word_1_14' title='bbox 623 786 712 848; x_wconf 87' lang='grc'><strong>66666</strong></span> <span class='ocrx_word' id='word_1_15' title='bbox 734 787 770 831; x_wconf 88' lang='grc'><strong>66</strong></span> <span class='ocrx_word' id='word_1_16' title='bbox 792 786 907 849; x_wconf 90' lang='lat' dir='ltr'><strong>sequar</strong></span> <span class='ocrx_word' id='word_1_17' title='bbox 939 772 1018 851; x_wconf 90' lang='lat' dir='ltr'><strong>quod</strong></span> <span class='ocrx_word' id='word_1_18' title='bbox 1040 781 1160 854; x_wconf 90' lang='lat' dir='ltr'><strong>partem</strong></span> <span class='ocrx_word' id='word_1_19' title='bbox 1182 775 1269 840; x_wconf 93' lang='lat' dir='ltr'><strong>chori</strong></span> 
     </span>
     <span class='ocr_line' id='line_1_4' title="bbox 106 867 1269 955; baseline 0.005 -21"><span class='ocrx_word' id='word_1_20' title='bbox 106 871 233 934; x_wconf 84' lang='lat' dir='ltr'><strong>Ulixem</strong></span> <span class='ocrx_word' id='word_1_21' title='bbox 253 875 423 932; x_wconf 73' lang='lat' dir='ltr'>sectantem</span> <span class='ocrx_word' id='word_1_22' title='bbox 437 887 493 948; x_wconf 93' lang='lat' dir='ltr'><strong>per</strong></span> <span class='ocrx_word' id='word_1_23' title='bbox 511 867 654 930; x_wconf 79' lang='lat' dir='ltr'><strong>sinistrae</strong></span> <span class='ocrx_word' id='word_1_24' title='bbox 679 885 825 932; x_wconf 85' lang='lat' dir='ltr'><strong>versurae</strong></span> <span class='ocrx_word' id='word_1_25' title='bbox 841 869 958 934; x_wconf 88' lang='lat' dir='ltr'><strong>aditum</strong></span> <span class='ocrx_word' id='word_1_26' title='bbox 982 872 1023 954; x_wconf 84' lang='lat' dir='ltr'><strong>(v.</strong></span> <span class='ocrx_word' id='word_1_27' title='bbox 1044 877 1115 952; x_wconf 94' lang='grc'><strong>666)</strong></span> <span class='ocrx_word' id='word_1_28' title='bbox 1137 876 1166 937; x_wconf 90' lang='grc'><strong>16</strong></span> <span class='ocrx_word' id='word_1_29' title='bbox 1181 876 1269 955; x_wconf 83' lang='lat' dir='ltr'><strong>logeo</strong></span> 
     </span>
     <span class='ocr_line' id='line_1_5' title="bbox 105 968 1268 1053; baseline 0.003 -18"><span class='ocrx_word' id='word_1_30' title='bbox 105 977 321 1053; x_wconf 82' lang='lat' dir='ltr'><strong>apparentem,</strong></span> <span class='ocrx_word' id='word_1_31' title='bbox 352 974 472 1050; x_wconf 90' lang='lat' dir='ltr'><strong>partem</strong></span> <span class='ocrx_word' id='word_1_32' title='bbox 492 987 547 1047; x_wconf 92' lang='lat' dir='ltr'><strong>per</strong></span> <span class='ocrx_word' id='word_1_33' title='bbox 570 968 728 1031; x_wconf 82' lang='lat' dir='ltr'><strong>sinistram</strong></span> <span class='ocrx_word' id='word_1_34' title='bbox 750 969 903 1050; x_wconf 89' lang='lat' dir='ltr'><strong>paredum</strong></span> <span class='ocrx_word' id='word_1_35' title='bbox 924 971 1127 1051; x_wconf 82' lang='lat' dir='ltr'><strong>prodeuntem</strong></span> <span class='ocrx_word' id='word_1_36' title='bbox 1148 973 1268 1038; x_wconf 88' lang='lat' dir='ltr'><strong>faciam.</strong></span> 
     </span>
    </p>
   </div>
   <div class='ocr_carea' id='block_1_3' title="bbox 105 1098 1270 1487">
    <p class='ocr_par' dir='ltr' id='par_1_3' title="bbox 105 1098 1270 1487">
     <span class='ocr_line' id='line_1_6' title="bbox 194 1098 1269 1186; baseline 0.004 -21"><span class='ocrx_word' id='word_1_37' title='bbox 194 1102 350 1182; x_wconf 82' lang='lat' dir='ltr'><strong>Euripidis</strong></span> <span class='ocrx_word' id='word_1_38' title='bbox 373 1099 608 1180; x_wconf 86' lang='lat' dir='ltr'><strong>Supplicum</strong></span> <span class='ocrx_word' id='word_1_39' title='bbox 627 1099 739 1163; x_wconf 90' lang='lat' dir='ltr'><strong>chorus</strong></span> <span class='ocrx_word' id='word_1_40' title='bbox 756 1098 876 1164; x_wconf 87' lang='lat' dir='ltr'><strong>duabus</strong></span> <span class='ocrx_word' id='word_1_41' title='bbox 892 1103 1033 1166; x_wconf 88' lang='lat' dir='ltr'><strong>consistit</strong></span> <span class='ocrx_word' id='word_1_42' title='bbox 1055 1122 1092 1168; x_wconf 85' lang='lat' dir='ltr'><strong>ex</strong></span> <span class='ocrx_word' id='word_1_43' title='bbox 1114 1105 1269 1186; x_wconf 89' lang='lat' dir='ltr'><strong>partibus,</strong></span> 
     </span>
     <span class='ocr_line' id='line_1_7' title="bbox 105 1199 1269 1285; baseline 0.003 -18"><span class='ocrx_word' id='word_1_44' title='bbox 105 1222 242 1285; x_wconf 85' lang='lat' dir='ltr'><strong>quarum</strong></span> <span class='ocrx_word' id='word_1_45' title='bbox 266 1205 360 1282; x_wconf 89' lang='lat' dir='ltr'><strong>prior,</strong></span> <span class='ocrx_word' id='word_1_46' title='bbox 383 1207 501 1264; x_wconf 89' lang='lat' dir='ltr'><strong>matres</strong></span> <span class='ocrx_word' id='word_1_47' title='bbox 524 1205 640 1279; x_wconf 85' lang='lat' dir='ltr'><strong>septem</strong></span> <span class='ocrx_word' id='word_1_48' title='bbox 662 1199 771 1262; x_wconf 91' lang='lat' dir='ltr'><strong>ducum</strong></span> <span class='ocrx_word' id='word_1_49' title='bbox 794 1200 824 1262; x_wconf 91' lang='lat' dir='ltr'><strong>in</strong></span> <span class='ocrx_word' id='word_1_50' title='bbox 846 1201 972 1280; x_wconf 86' lang='lat' dir='ltr'><strong>proeliis</strong></span> <span class='ocrx_word' id='word_1_51' title='bbox 994 1211 1069 1266; x_wconf 87' lang='lat' dir='ltr'><strong>ante</strong></span> <span class='ocrx_word' id='word_1_52' title='bbox 1092 1204 1269 1270; x_wconf 86' lang='lat' dir='ltr'><strong>Thebarum</strong></span> 
     </span>
     <span class='ocr_line' id='line_1_8' title="bbox 106 1297 1269 1384; baseline 0.003 -18"><span class='ocrx_word' id='word_1_53' title='bbox 106 1310 218 1384; x_wconf 90' lang='lat' dir='ltr'><strong>portas</strong></span> <span class='ocrx_word' id='word_1_54' title='bbox 247 1302 431 1377; x_wconf 89' lang='lat' dir='ltr'><strong>occisorum,</strong></span> <span class='ocrx_word' id='word_1_55' title='bbox 468 1300 593 1362; x_wconf 90' lang='lat' dir='ltr'><strong>ineunte</strong></span> <span class='ocrx_word' id='word_1_56' title='bbox 624 1297 727 1363; x_wconf 88' lang='lat' dir='ltr'><strong>labula</strong></span> <span class='ocrx_word' id='word_1_57' title='bbox 751 1317 820 1363; x_wconf 93' lang='lat' dir='ltr'><strong>cum</strong></span> <span class='ocrx_word' id='word_1_58' title='bbox 848 1299 967 1364; x_wconf 79' lang='lat' dir='ltr'><strong>Aethra</strong></span> <span class='ocrx_word' id='word_1_59' title='bbox 1001 1320 1097 1382; x_wconf 89' lang='lat' dir='ltr'><strong>prope</strong></span> <span class='ocrx_word' id='word_1_60' title='bbox 1130 1323 1202 1369; x_wconf 90' lang='lat' dir='ltr'><strong>aras</strong></span> <span class='ocrx_word' id='word_1_61' title='bbox 1239 1308 1269 1370; x_wconf 92' lang='lat' dir='ltr'><strong>iu</strong></span> 
     </span>
     <span class='ocr_line' id='line_1_9' title="bbox 106 1400 1270 1487; baseline 0.003 -21"><span class='ocrx_word' id='word_1_62' title='bbox 106 1403 201 1481; x_wconf 81' lang='lat' dir='ltr'><strong>lugeo</strong></span> <span class='ocrx_word' id='word_1_63' title='bbox 230 1408 404 1464; x_wconf 86' lang='lat' dir='ltr'><strong>versantur.</strong></span> <span class='ocrx_word' id='word_1_64' title='bbox 456 1400 572 1463; x_wconf 85' lang='lat' dir='ltr'><strong>Servae</strong></span> <span class='ocrx_word' id='word_1_65' title='bbox 600 1417 706 1462; x_wconf 91' lang='lat' dir='ltr'><strong>earum</strong></span> <span class='ocrx_word' id='word_1_66' title='bbox 736 1418 761 1462; x_wconf 88' lang='lat' dir='ltr'><strong>v.</strong></span> <span class='ocrx_word' id='word_1_67' title='bbox 788 1402 827 1463; x_wconf 84' lang='grc'><strong>72</strong></span> <span class='ocrx_word' id='word_1_68' title='bbox 854 1401 884 1463; x_wconf 89' lang='grc'><strong>16</strong></span> <span class='ocrx_word' id='word_1_69' title='bbox 911 1409 1111 1481; x_wconf 88' lang='lat' dir='ltr'><strong>conspectum</strong></span> <span class='ocrx_word' id='word_1_70' title='bbox 1134 1405 1270 1487; x_wconf 87' lang='lat' dir='ltr'><strong>veniunt,</strong></span> 
     </span>
    </p>
   </div>
   <div class='ocr_carea' id='block_1_4' title="bbox 11 1498 1270 1585">
    <p class='ocr_par' dir='ltr' id='par_1_4' title="bbox 11 1498 1270 1585">
     <span class='ocr_line' id='line_1_10' title="bbox 11 1498 1270 1585; baseline 0.001 -19"><span class='ocrx_word' id='word_1_71' title='bbox 11 1506 12 1515; x_wconf 78' lang='grc'>’</span> <span class='ocrx_word' id='word_1_72' title='bbox 106 1513 207 1582; x_wconf 91' lang='lat' dir='ltr'><strong>atque</strong></span> <span class='ocrx_word' id='word_1_73' title='bbox 230 1501 295 1576; x_wconf 95' lang='grc'><strong>666,</strong></span> <span class='ocrx_word' id='word_1_74' title='bbox 317 1518 384 1563; x_wconf 89' lang='lat' dir='ltr'><strong>eum</strong></span> <span class='ocrx_word' id='word_1_75' title='bbox 403 1499 520 1562; x_wconf 91' lang='lat' dir='ltr'><strong>alteras</strong></span> <span class='ocrx_word' id='word_1_76' title='bbox 542 1498 627 1560; x_wconf 90' lang='lat' dir='ltr'><strong>chori</strong></span> <span class='ocrx_word' id='word_1_77' title='bbox 648 1502 758 1577; x_wconf 91' lang='lat' dir='ltr'><strong>partes</strong></span> <span class='ocrx_word' id='word_1_78' title='bbox 777 1504 937 1580; x_wconf 81' lang='lat' dir='ltr'><strong>peragant,</strong></span> <span class='ocrx_word' id='word_1_79' title='bbox 959 1519 1014 1580; x_wconf 90' lang='lat' dir='ltr'><strong>per</strong></span> <span class='ocrx_word' id='word_1_80' title='bbox 1034 1502 1176 1566; x_wconf 84' lang='lat' dir='ltr'><strong>dextram</strong></span> <span class='ocrx_word' id='word_1_81' title='bbox 1199 1524 1270 1585; x_wconf 89' lang='lat' dir='ltr'><strong>par-</strong></span> 
     </span>
    </p>
   </div>
   <div class='ocr_carea' id='block_1_5' title="bbox 107 1596 1270 1877">
    <p class='ocr_par' dir='ltr' id='par_1_5' title="bbox 107 1596 1270 1877">
     <span class='ocr_line' id='line_1_11' title="bbox 107 1596 1270 1680; baseline 0.003 -16"><span class='ocrx_word' id='word_1_82' title='bbox 107 1602 207 1664; x_wconf 87' lang='lat' dir='ltr'><strong>edum</strong></span> <span class='ocrx_word' id='word_1_83' title='bbox 231 1602 260 1664; x_wconf 94' lang='lat' dir='ltr'><strong>in</strong></span> <span class='ocrx_word' id='word_1_84' title='bbox 283 1598 473 1663; x_wconf 85' lang='lat' dir='ltr'><strong>orchestram</strong></span> <span class='ocrx_word' id='word_1_85' title='bbox 496 1597 639 1661; x_wconf 90' lang='lat' dir='ltr'><strong>inducam</strong></span> <span class='ocrx_word' id='word_1_86' title='bbox 653 1596 689 1676; x_wconf 83' lang='lat'><strong>¹).</strong></span> <span class='ocrx_word' id='word_1_87' title='bbox 741 1597 821 1661; x_wconf 89' lang='lat' dir='ltr'><strong>Tum</strong></span> <span class='ocrx_word' id='word_1_88' title='bbox 848 1600 891 1678; x_wconf 83' lang='lat' dir='ltr'><strong>(v.</strong></span> <span class='ocrx_word' id='word_1_89' title='bbox 915 1599 991 1680; x_wconf 88' lang='grc'><strong>336)</strong></span> <span class='ocrx_word' id='word_1_90' title='bbox 1020 1600 1088 1664; x_wconf 89' lang='lat' dir='ltr'><strong>illas</strong></span> <span class='ocrx_word' id='word_1_91' title='bbox 1110 1604 1141 1665; x_wconf 95' lang='lat' dir='ltr'><strong>in</strong></span> <span class='ocrx_word' id='word_1_92' title='bbox 1165 1604 1270 1668; x_wconf 89' lang='grc'><strong>66666-</strong></span> 
     </span>
     <span class='ocr_line' id='line_1_12' title="bbox 107 1696 1270 1774; baseline 0.003 -11"><span class='ocrx_word' id='word_1_93' title='bbox 107 1707 210 1764; x_wconf 88' lang='lat' dir='ltr'><strong>stram</strong></span> <span class='ocrx_word' id='word_1_94' title='bbox 225 1699 462 1774; x_wconf 84' lang='lat' dir='ltr'><strong>descendissent</strong></span> <span class='ocrx_word' id='word_1_95' title='bbox 477 1714 545 1761; x_wconf 89' lang='lat' dir='ltr'><strong>curn</strong></span> <span class='ocrx_word' id='word_1_96' title='bbox 562 1696 608 1759; x_wconf 90' lang='lat' dir='ltr'><strong>his</strong></span> <span class='ocrx_word' id='word_1_97' title='bbox 620 1697 801 1760; x_wconf 89' lang='lat' dir='ltr'><strong>coniunctas</strong></span> <span class='ocrx_word' id='word_1_98' title='bbox 821 1698 933 1762; x_wconf 88' lang='lat' dir='ltr'><strong>ibidem</strong></span> <span class='ocrx_word' id='word_1_99' title='bbox 954 1699 994 1763; x_wconf 89' lang='lat' dir='ltr'><strong>ad</strong></span> <span class='ocrx_word' id='word_1_100' title='bbox 1012 1698 1103 1764; x_wconf 87' lang='lat' dir='ltr'><strong>linem</strong></span> <span class='ocrx_word' id='word_1_101' title='bbox 1120 1701 1270 1767; x_wconf 89' lang='lat' dir='ltr'><strong>dramatis</strong></span> 
     </span>
     <span class='ocr_line' id='line_1_13' title="bbox 107 1795 1023 1877; baseline -0.005 -12"><span class='ocrx_word' id='word_1_102' title='bbox 107 1801 297 1865; x_wconf 89' lang='lat' dir='ltr'><strong>remansisse</strong></span> <span class='ocrx_word' id='word_1_103' title='bbox 319 1798 548 1863; x_wconf 85' lang='lat' dir='ltr'><strong>Schoenbornio</strong></span> <span class='ocrx_word' id='word_1_104' title='bbox 569 1798 610 1877; x_wconf 90' lang='lat' dir='ltr'><strong>(p.</strong></span> <span class='ocrx_word' id='word_1_105' title='bbox 632 1795 705 1875; x_wconf 83' lang='grc'><strong>189)</strong></span> <span class='ocrx_word' id='word_1_106' title='bbox 728 1796 860 1861; x_wconf 86' lang='lat' dir='ltr'><strong>libenter</strong></span> <span class='ocrx_word' id='word_1_107' title='bbox 880 1800 1023 1862; x_wconf 88' lang='lat' dir='ltr'><strong>concedo.</strong></span> 
     </span>
    </p>
   </div>
   <div class='ocr_carea' id='block_1_6' title="bbox 11 1927 1272 2614">
    <p class='ocr_par' dir='ltr' id='par_1_6' title="bbox 11 1927 1272 2614">
     <span class='ocr_line' id='line_1_14' title="bbox 196 1927 1270 2010; baseline -0.001 -14"><span class='ocrx_word' id='word_1_108' title='bbox 196 1931 330 1997; x_wconf 84' lang='lat' dir='ltr'><strong>Chornm</strong></span> <span class='ocrx_word' id='word_1_109' title='bbox 349 1930 387 1993; x_wconf 92' lang='lat' dir='ltr'><strong>ab</strong></span> <span class='ocrx_word' id='word_1_110' title='bbox 408 1927 557 1992; x_wconf 89' lang='lat' dir='ltr'><strong>Helena</strong></span> <span class='ocrx_word' id='word_1_111' title='bbox 577 1928 606 1991; x_wconf 88' lang='lat' dir='ltr'><strong>in</strong></span> <span class='ocrx_word' id='word_1_112' title='bbox 623 1928 814 2007; x_wconf 82' lang='lat' dir='ltr'><strong>cognominis</strong></span> <span class='ocrx_word' id='word_1_113' title='bbox 827 1928 985 2010; x_wconf 88' lang='lat' dir='ltr'><strong>Euripidis</strong></span> <span class='ocrx_word' id='word_1_114' title='bbox 1002 1931 1152 1995; x_wconf 90' lang='lat' dir='ltr'><strong>dramatis</strong></span> <span class='ocrx_word' id='word_1_115' title='bbox 1170 1952 1197 1996; x_wconf 91' lang='lat' dir='ltr'><strong>v.</strong></span> <span class='ocrx_word' id='word_1_116' title='bbox 1211 1934 1270 1998; x_wconf 87' lang='grc'><strong>333</strong></span> 
     </span>
     <span class='ocr_line' id='line_1_15' title="bbox 108 2028 1271 2112; baseline 0.002 -18"><span class='ocrx_word' id='word_1_117' title='bbox 108 2038 256 2094; x_wconf 88' lang='lat' dir='ltr'><strong>vocatum</strong></span> <span class='ocrx_word' id='word_1_118' title='bbox 300 2030 409 2093; x_wconf 86' lang='lat' dir='ltr'><strong>relicta</strong></span> <span class='ocrx_word' id='word_1_119' title='bbox 456 2028 615 2092; x_wconf 84' lang='lat' dir='ltr'><strong>orchestra</strong></span> <span class='ocrx_word' id='word_1_120' title='bbox 643 2046 709 2091; x_wconf 92' lang='lat' dir='ltr'><strong>cum</strong></span> <span class='ocrx_word' id='word_1_121' title='bbox 739 2028 792 2091; x_wconf 91' lang='lat' dir='ltr'><strong>illa</strong></span> <span class='ocrx_word' id='word_1_122' title='bbox 822 2029 853 2092; x_wconf 94' lang='lat' dir='ltr'><strong>in</strong></span> <span class='ocrx_word' id='word_1_123' title='bbox 883 2028 1003 2093; x_wconf 90' lang='lat' dir='ltr'><strong>domum</strong></span> <span class='ocrx_word' id='word_1_124' title='bbox 1034 2032 1163 2110; x_wconf 83' lang='lat' dir='ltr'><strong>regiam,</strong></span> <span class='ocrx_word' id='word_1_125' title='bbox 1189 2050 1271 2112; x_wconf 88' lang='lat' dir='ltr'><strong>quae</strong></span> 
     </span>
     <span class='ocr_line' id='line_1_16' title="bbox 11 2120 1272 2210; baseline 0.002 -17"><span class='ocrx_word' id='word_1_126' title='bbox 11 2120 12 2129; x_wconf 68' lang='grc'>’</span> <span class='ocrx_word' id='word_1_127' title='bbox 107 2130 243 2193; x_wconf 88' lang='lat' dir='ltr'><strong>mediam</strong></span> <span class='ocrx_word' id='word_1_128' title='bbox 263 2147 392 2193; x_wconf 90' lang='grc'><strong>6666666</strong></span> <span class='ocrx_word' id='word_1_129' title='bbox 413 2135 534 2210; x_wconf 89' lang='lat' dir='ltr'><strong>portam</strong></span> <span class='ocrx_word' id='word_1_130' title='bbox 557 2127 729 2206; x_wconf 87' lang='lat' dir='ltr'><strong>obtinebat,</strong></span> <span class='ocrx_word' id='word_1_131' title='bbox 752 2146 785 2191; x_wconf 92' lang='lat' dir='ltr'><strong>se</strong></span> <span class='ocrx_word' id='word_1_132' title='bbox 810 2130 963 2209; x_wconf 88' lang='lat' dir='ltr'><strong>recepisse</strong></span> <span class='ocrx_word' id='word_1_133' title='bbox 985 2133 1029 2210; x_wconf 83' lang='grc'><strong>(6.</strong></span> <span class='ocrx_word' id='word_1_134' title='bbox 1043 2131 1119 2208; x_wconf 83' lang='grc'><strong>386)</strong></span> <span class='ocrx_word' id='word_1_135' title='bbox 1137 2131 1272 2196; x_wconf 85' lang='lat' dir='ltr'><strong>Schoen-</strong></span> 
     </span>
     <span class='ocr_line' id='line_1_17' title="bbox 106 2226 1271 2312; baseline 0.003 -18"><span class='ocrx_word' id='word_1_136' title='bbox 106 2230 238 2294; x_wconf 89' lang='lat' dir='ltr'><strong>bornins</strong></span> <span class='ocrx_word' id='word_1_137' title='bbox 274 2229 405 2312; x_wconf 76' lang='grc'><strong>(6260)</strong></span> <span class='ocrx_word' id='word_1_138' title='bbox 441 2229 632 2308; x_wconf 84' lang='lat' dir='ltr'><strong>argumentis</strong></span> <span class='ocrx_word' id='word_1_139' title='bbox 661 2226 884 2292; x_wconf 87' lang='lat' dir='ltr'><strong>sufficientibus</strong></span> <span class='ocrx_word' id='word_1_140' title='bbox 911 2229 1064 2309; x_wconf 87' lang='lat' dir='ltr'><strong>probarit.</strong></span> <span class='ocrx_word' id='word_1_141' title='bbox 1109 2231 1197 2296; x_wconf 90' lang='lat' dir='ltr'><strong>Unde</strong></span> <span class='ocrx_word' id='word_1_142' title='bbox 1225 2252 1271 2297; x_wconf 93' lang='lat' dir='ltr'><strong>se-</strong></span> 
     </span>
     <span class='ocr_line' id='line_1_18' title="bbox 107 2327 1271 2413; baseline 0.003 -19"><span class='ocrx_word' id='word_1_143' title='bbox 107 2332 229 2412; x_wconf 91' lang='lat' dir='ltr'><strong>quitur,</strong></span> <span class='ocrx_word' id='word_1_144' title='bbox 257 2337 292 2393; x_wconf 94' lang='lat' dir='ltr'><strong>ut</strong></span> <span class='ocrx_word' id='word_1_145' title='bbox 321 2329 430 2392; x_wconf 89' lang='lat' dir='ltr'><strong>eadem</strong></span> <span class='ocrx_word' id='word_1_146' title='bbox 458 2329 508 2393; x_wconf 85' lang='lat' dir='ltr'><strong>ria</strong></span> <span class='ocrx_word' id='word_1_147' title='bbox 528 2346 555 2393; x_wconf 91' lang='lat' dir='ltr'><strong>v.</strong></span> <span class='ocrx_word' id='word_1_148' title='bbox 575 2329 635 2391; x_wconf 86' lang='grc'><strong>516</strong></span> <span class='ocrx_word' id='word_1_149' title='bbox 667 2328 695 2390; x_wconf 90' lang='grc'><strong>16</strong></span> <span class='ocrx_word' id='word_1_150' title='bbox 724 2327 843 2407; x_wconf 84' lang='lat' dir='ltr'><strong>logeum</strong></span> <span class='ocrx_word' id='word_1_151' title='bbox 875 2328 986 2393; x_wconf 89' lang='lat' dir='ltr'><strong>chorus</strong></span> <span class='ocrx_word' id='word_1_152' title='bbox 1010 2349 1192 2412; x_wconf 85' lang='lat' dir='ltr'><strong>progressus</strong></span> <span class='ocrx_word' id='word_1_153' title='bbox 1219 2333 1271 2413; x_wconf 91' lang='lat' dir='ltr'><strong>sit,</strong></span> 
     </span>
     <span class='ocr_line' id='line_1_19' title="bbox 107 2428 1270 2511; baseline 0.003 -18"><span class='ocrx_word' id='word_1_154' title='bbox 107 2448 213 2511; x_wconf 92' lang='lat' dir='ltr'><strong>quem,</strong></span> <span class='ocrx_word' id='word_1_155' title='bbox 241 2448 307 2493; x_wconf 91' lang='lat' dir='ltr'><strong>cum</strong></span> <span class='ocrx_word' id='word_1_156' title='bbox 330 2446 426 2510; x_wconf 88' lang='lat' dir='ltr'><strong>qnare</strong></span> <span class='ocrx_word' id='word_1_157' title='bbox 454 2429 514 2492; x_wconf 91' lang='lat' dir='ltr'><strong>illic</strong></span> <span class='ocrx_word' id='word_1_158' title='bbox 542 2433 699 2491; x_wconf 91' lang='lat' dir='ltr'><strong>remaneat</strong></span> <span class='ocrx_word' id='word_1_159' title='bbox 725 2445 847 2492; x_wconf 90' lang='lat' dir='ltr'><strong>causam</strong></span> <span class='ocrx_word' id='word_1_160' title='bbox 876 2447 936 2491; x_wconf 94' lang='lat' dir='ltr'><strong>non</strong></span> <span class='ocrx_word' id='word_1_161' title='bbox 959 2428 1086 2511; x_wconf 91' lang='lat' dir='ltr'><strong>habeat,</strong></span> <span class='ocrx_word' id='word_1_162' title='bbox 1113 2433 1218 2495; x_wconf 91' lang='lat' dir='ltr'><strong>statim</strong></span> <span class='ocrx_word' id='word_1_163' title='bbox 1241 2435 1270 2496; x_wconf 93' lang='lat' dir='ltr'><strong>in</strong></span> 
     </span>
     <span class='ocr_line' id='line_1_20' title="bbox 107 2527 1270 2614; baseline 0.003 -21"><span class='ocrx_word' id='word_1_164' title='bbox 107 2529 303 2594; x_wconf 90' lang='lat' dir='ltr'><strong>orchestram</strong></span> <span class='ocrx_word' id='word_1_165' title='bbox 317 2528 551 2592; x_wconf 87' lang='lat' dir='ltr'><strong>descendentem</strong></span> <span class='ocrx_word' id='word_1_166' title='bbox 575 2528 676 2610; x_wconf 90' lang='lat' dir='ltr'><strong>ibique</strong></span> <span class='ocrx_word' id='word_1_167' title='bbox 685 2534 901 2614; x_wconf 18' lang='lat' dir='ltr'><strong>,remanentem</strong></span> <span class='ocrx_word' id='word_1_168' title='bbox 921 2527 1044 2611; x_wconf 82' lang='lat' dir='ltr'><strong>fingam,</strong></span> <span class='ocrx_word' id='word_1_169' title='bbox 1068 2531 1139 2596; x_wconf 89' lang='lat' dir='ltr'><strong>dnm</strong></span> <span class='ocrx_word' id='word_1_170' title='bbox 1153 2551 1179 2593; x_wconf 86' lang='lat' dir='ltr'><strong>v.</strong></span> <span class='ocrx_word' id='word_1_171' title='bbox 1195 2533 1270 2596; x_wconf 86' lang='grc'><strong>1628</strong></span> 
     </span>
    </p>
   </div>
   <div class='ocr_carea' id='block_1_7' title="bbox 107 2629 1271 2926">
    <p class='ocr_par' dir='ltr' id='par_1_7' title="bbox 107 2629 1271 2926">
     <span class='ocr_line' id='line_1_21' title="bbox 107 2629 1270 2713; baseline 0.002 -19"><span class='ocrx_word' id='word_1_172' title='bbox 107 2632 225 2695; x_wconf 89' lang='lat' dir='ltr'><strong>iterum</strong></span> <span class='ocrx_word' id='word_1_173' title='bbox 256 2632 286 2693; x_wconf 92' lang='lat' dir='ltr'><strong>iu</strong></span> <span class='ocrx_word' id='word_1_174' title='bbox 309 2649 451 2694; x_wconf 89' lang='lat' dir='ltr'><strong>scaenam</strong></span> <span class='ocrx_word' id='word_1_175' title='bbox 480 2629 664 2708; x_wconf 80' lang='grc'><strong>66666166),</strong></span> <span class='ocrx_word' id='word_1_176' title='bbox 696 2637 730 2694; x_wconf 94' lang='lat' dir='ltr'><strong>ut</strong></span> <span class='ocrx_word' id='word_1_177' title='bbox 760 2629 1018 2713; x_wconf 89' lang='lat' dir='ltr'><strong>Theoclymenum</strong></span> <span class='ocrx_word' id='word_1_178' title='bbox 1046 2633 1270 2697; x_wconf 78' lang='lat' dir='ltr'><strong>evindicando</strong></span> 
     </span>
     <span class='ocr_line' id='line_1_22' title="bbox 108 2730 1271 2813; baseline 0.003 -21"><span class='ocrx_word' id='word_1_179' title='bbox 108 2730 272 2811; x_wconf 90' lang='lat' dir='ltr'><strong>prohibeat</strong></span> <span class='ocrx_word' id='word_1_180' title='bbox 295 2730 324 2793; x_wconf 92' lang='lat' dir='ltr'><strong>in</strong></span> <span class='ocrx_word' id='word_1_181' title='bbox 349 2730 522 2794; x_wconf 89' lang='lat' dir='ltr'><strong>Theonoem</strong></span> <span class='ocrx_word' id='word_1_182' title='bbox 546 2748 692 2811; x_wconf 89' lang='lat' dir='ltr'><strong>sororem,</strong></span> <span class='ocrx_word' id='word_1_183' title='bbox 721 2731 835 2813; x_wconf 85' lang='lat' dir='ltr'><strong>quippe</strong></span> <span class='ocrx_word' id='word_1_184' title='bbox 858 2748 941 2813; x_wconf 88' lang='lat' dir='ltr'><strong>quae</strong></span> <span class='ocrx_word' id='word_1_185' title='bbox 962 2730 1094 2795; x_wconf 84' lang='lat' dir='ltr'><strong>Menelai</strong></span> <span class='ocrx_word' id='word_1_186' title='bbox 1119 2733 1271 2796; x_wconf 88' lang='lat' dir='ltr'><strong>Helenae·</strong></span> 
     </span>
     <span class='ocr_line' id='line_1_23' title="bbox 107 2829 960 2926; baseline 0.002 -34"><span class='ocrx_word' id='word_1_187' title='bbox 107 2848 173 2914; x_wconf 86' lang='lat' dir='ltr'><strong>que</strong></span> <span class='ocrx_word' id='word_1_188' title='bbox 192 2829 296 2910; x_wconf 81' lang='lat' dir='ltr'><strong>lugam</strong></span> <span class='ocrx_word' id='word_1_189' title='bbox 321 2848 381 2893; x_wconf 93' lang='lat' dir='ltr'><strong>non</strong></span> <span class='ocrx_word' id='word_1_190' title='bbox 403 2830 603 2926; x_wconf 84' lang='lat' dir='ltr'><strong>impediverit.</strong></span> <span class='ocrx_word' id='word_1_191' title='bbox 647 2830 734 2907; x_wconf 79' lang='lat' dir='ltr'><strong>Quae</strong></span> <span class='ocrx_word' id='word_1_192' title='bbox 757 2831 960 2894; x_wconf 82' lang='grc' dir='ltr'><strong>66666163οε</strong></span> 
     </span>
    </p>
   </div>
   <div class='ocr_carea' id='block_1_8' title="bbox 107 2945 1269 3147">
    <p class='ocr_par' dir='ltr' id='par_1_8' title="bbox 107 2945 1269 3147">
     <span class='ocr_line' id='line_1_24' title="bbox 234 2945 727 3030; baseline -0.002 -21"><span class='ocrx_word' id='word_1_193' title='bbox 234 2945 291 3009; x_wconf 77' lang='grc' dir='ltr'><strong>οὐκ</strong></span> <span class='ocrx_word' id='word_1_194' title='bbox 310 2945 483 3030; x_wconf 59' lang='lat' dir='ltr'><strong>audaeana</strong></span> <span class='ocrx_word' id='word_1_195' title='bbox 504 2947 639 3010; x_wconf 76' lang='grc' dir='ltr'><em>πέπλων</em></span> <span class='ocrx_word' id='word_1_196' title='bbox 661 2950 727 3010; x_wconf 74' lang='grc' dir='ltr'><strong>σῶν</strong></span> 
     </span>
     <span class='ocr_line' id='line_1_25' title="bbox 107 3064 1269 3147; baseline -0.002 -17"><span class='ocrx_word' id='word_1_197' title='bbox 107 3064 284 3144; x_wconf 82' lang='grc'><strong>6616616666</strong></span> <span class='ocrx_word' id='word_1_198' title='bbox 311 3064 395 3129; x_wconf 87' lang='grc'><strong>66661</strong></span> <span class='ocrx_word' id='word_1_199' title='bbox 425 3064 526 3128; x_wconf 89' lang='grc'><strong>666616</strong></span> <span class='ocrx_word' id='word_1_200' title='bbox 555 3065 633 3128; x_wconf 84' lang='grc'><strong>66116</strong></span> <span class='ocrx_word' id='word_1_201' title='bbox 661 3064 867 3128; x_wconf 86' lang='lat' dir='ltr'><strong>illustrantur.</strong></span> <span class='ocrx_word' id='word_1_202' title='bbox 910 3065 1051 3147; x_wconf 89' lang='lat' dir='ltr'><strong>Denique</strong></span> <span class='ocrx_word' id='word_1_203' title='bbox 1081 3064 1269 3146; x_wconf 88' lang='lat' dir='ltr'><strong>Tyndaridis</strong></span> 
     </span>
    </p>
   </div>
   <div class='ocr_carea' id='block_1_9' title="bbox 106 3164 1270 3346">
    <p class='ocr_par' dir='ltr' id='par_1_9' title="bbox 106 3164 1270 3346">
     <span class='ocr_line' id='line_1_26' title="bbox 107 3164 1270 3246; baseline -0.001 -18"><span class='ocrx_word' id='word_1_204' title='bbox 107 3165 336 3246; x_wconf 85' lang='lat' dir='ltr'><strong>apparentibus</strong></span> <span class='ocrx_word' id='word_1_205' title='bbox 372 3167 414 3246; x_wconf 88' lang='lat' dir='ltr'><strong>(v.</strong></span> <span class='ocrx_word' id='word_1_206' title='bbox 435 3166 528 3245; x_wconf 84' lang='grc'><strong>1613)</strong></span> <span class='ocrx_word' id='word_1_207' title='bbox 561 3166 591 3229; x_wconf 89' lang='grc'><strong>166</strong></span> <span class='ocrx_word' id='word_1_208' title='bbox 628 3164 819 3229; x_wconf 88' lang='lat' dir='ltr'><strong>orchestram</strong></span> <span class='ocrx_word' id='word_1_209' title='bbox 848 3165 968 3230; x_wconf 90' lang='lat' dir='ltr'><strong>rediens</strong></span> <span class='ocrx_word' id='word_1_210' title='bbox 991 3165 1107 3229; x_wconf 89' lang='lat' dir='ltr'><strong>chorus</strong></span> <span class='ocrx_word' id='word_1_211' title='bbox 1138 3170 1270 3228; x_wconf 87' lang='lat' dir='ltr'><strong>exeunte</strong></span> 
     </span>
     <span class='ocr_line' id='line_1_27' title="bbox 106 3263 817 3346; baseline 0 -18"><span class='ocrx_word' id='word_1_212' title='bbox 106 3263 214 3328; x_wconf 89' lang='lat' dir='ltr'><strong>fabula</strong></span> <span class='ocrx_word' id='word_1_213' title='bbox 235 3284 291 3346; x_wconf 90' lang='lat' dir='ltr'><strong>per</strong></span> <span class='ocrx_word' id='word_1_214' title='bbox 313 3265 454 3329; x_wconf 83' lang='lat' dir='ltr'><strong>dextram</strong></span> <span class='ocrx_word' id='word_1_215' title='bbox 475 3266 636 3345; x_wconf 84' lang='lat' dir='ltr'><strong>egreditur</strong></span> <span class='ocrx_word' id='word_1_216' title='bbox 655 3265 817 3345; x_wconf 87' lang='lat' dir='ltr'><strong>paredum.</strong></span> 
     </span>
    </p>
   </div>
   <div class='ocr_carea' id='block_1_10' title="bbox 193 3394 1266 3479">
    <p class='ocr_par' dir='ltr' id='par_1_10' title="bbox 193 3394 1266 3479">
     <span class='ocr_line' id='line_1_28' title="bbox 193 3394 1266 3479; baseline -0.006 -19"><span class='ocrx_word' id='word_1_217' title='bbox 193 3397 308 3460; x_wconf 89' lang='lat' dir='ltr'><strong>Omnes</strong></span> <span class='ocrx_word' id='word_1_218' title='bbox 329 3403 480 3479; x_wconf 85' lang='lat' dir='ltr'><strong>quantum</strong></span> <span class='ocrx_word' id='word_1_219' title='bbox 501 3398 563 3460; x_wconf 93' lang='grc'><strong>6616</strong></span> <span class='ocrx_word' id='word_1_220' title='bbox 586 3397 644 3460; x_wconf 85' lang='grc'><strong>6161</strong></span> <span class='ocrx_word' id='word_1_221' title='bbox 664 3396 747 3460; x_wconf 90' lang='lat' dir='ltr'><strong>docti</strong></span> <span class='ocrx_word' id='word_1_222' title='bbox 767 3415 883 3460; x_wconf 90' lang='lat' dir='ltr'><strong>mecum</strong></span> <span class='ocrx_word' id='word_1_223' title='bbox 902 3394 1266 3459; x_wconf 80' lang='lat' dir='ltr'><strong>consentiuntinhristo·</strong></span> 
     </span>
    </p>
   </div>
   <div class='ocr_carea' id='block_1_11' title="bbox 15 3494 1268 3577">
    <p class='ocr_par' dir='ltr' id='par_1_11' title="bbox 15 3494 1268 3577">
     <span class='ocr_line' id='line_1_29' title="bbox 15 3494 1268 3577; baseline -0.002 -18"><span class='ocrx_word' id='word_1_224' title='bbox 15 3573 16 3576; x_wconf 8' lang='grc' dir='ltr'><strong>Ἴ</strong></span> <span class='ocrx_word' id='word_1_225' title='bbox 109 3497 250 3577; x_wconf 67' lang='lat' dir='ltr'><strong>phesiel)</strong></span> <span class='ocrx_word' id='word_1_226' title='bbox 269 3497 367 3560; x_wconf 89' lang='grc' dir='ltr'><strong>Ρ666</strong></span> <span class='ocrx_word' id='word_1_227' title='bbox 385 3496 431 3560; x_wconf 91' lang='grc'><strong>616</strong></span> <span class='ocrx_word' id='word_1_228' title='bbox 446 3515 464 3558; x_wconf 92' lang='grc'><strong>6</strong></span> <span class='ocrx_word' id='word_1_229' title='bbox 477 3498 570 3561; x_wconf 89' lang='grc'><strong>66666</strong></span> <span class='ocrx_word' id='word_1_230' title='bbox 587 3496 709 3576; x_wconf 82' lang='lat' dir='ltr'><strong>logeum</strong></span> <span class='ocrx_word' id='word_1_231' title='bbox 725 3496 863 3573; x_wconf 87' lang='lat' dir='ltr'><strong>ascendi,</strong></span> <span class='ocrx_word' id='word_1_232' title='bbox 881 3497 1010 3576; x_wconf 92' lang='lat' dir='ltr'><strong>primum</strong></span> <span class='ocrx_word' id='word_1_233' title='bbox 1025 3494 1146 3574; x_wconf 87' lang='lat' dir='ltr'><strong>quidem</strong></span> <span class='ocrx_word' id='word_1_234' title='bbox 1160 3494 1268 3573; x_wconf 77' lang='grc'><strong>6126,</strong></span> 
     </span>
    </p>
   </div>
   <div class='ocr_carea' id='block_1_12' title="bbox 15 3593 1269 3890">
    <p class='ocr_par' dir='ltr' id='par_1_12' title="bbox 15 3585 1269 3890">
     <span class='ocr_line' id='line_1_30' title="bbox 110 3593 1268 3680; baseline -0.004 -21.379"><span class='ocrx_word' id='word_1_235' title='bbox 110 3604 143 3659; x_wconf 88' lang='lat' dir='ltr'><strong>ut</strong></span> <span class='ocrx_word' id='word_1_236' title='bbox 154 3596 320 3661; x_wconf 84' lang='lat' dir='ltr'><strong>choraulae</strong></span> <span class='ocrx_word' id='word_1_237' title='bbox 333 3614 399 3658; x_wconf 90' lang='lat' dir='ltr'><strong>cnm</strong></span> <span class='ocrx_word' id='word_1_238' title='bbox 414 3595 557 3677; x_wconf 77' lang='lat' dir='ltr'><strong>Tryeaeo</strong></span> <span class='ocrx_word' id='word_1_239' title='bbox 570 3597 744 3680; x_wconf 88' lang='lat' dir='ltr'><strong>ceterisque</strong></span> <span class='ocrx_word' id='word_1_240' title='bbox 757 3596 867 3660; x_wconf 89' lang='lat' dir='ltr'><strong>Pacem</strong></span> <span class='ocrx_word' id='word_1_241' title='bbox 879 3596 966 3658; x_wconf 90' lang='lat' dir='ltr'><strong>deam</strong></span> <span class='ocrx_word' id='word_1_242' title='bbox 978 3614 1015 3659; x_wconf 85' lang='lat' dir='ltr'><strong>ex</strong></span> <span class='ocrx_word' id='word_1_243' title='bbox 1027 3602 1118 3657; x_wconf 89' lang='lat' dir='ltr'><strong>antro</strong></span> <span class='ocrx_word' id='word_1_244' title='bbox 1132 3593 1268 3672; x_wconf 90' lang='lat' dir='ltr'><strong>trahant,</strong></span> 
     </span>
     <span class='ocr_line' id='line_1_31' title="bbox 15 3681 1268 3778; baseline -0.002 -19"><span class='ocrx_word' id='word_1_245' title='bbox 15 3681 16 3720; x_wconf 65' lang='lat'><strong>³</strong></span> <span class='ocrx_word' id='word_1_246' title='bbox 109 3696 417 3778; x_wconf 76' lang='grc'><strong>6661661616732)</strong></span> <span class='ocrx_word' id='word_1_247' title='bbox 439 3697 469 3759; x_wconf 93' lang='lat' dir='ltr'><strong>in</strong></span> <span class='ocrx_word' id='word_1_248' title='bbox 492 3695 684 3760; x_wconf 91' lang='lat' dir='ltr'><strong>orchestram</strong></span> <span class='ocrx_word' id='word_1_249' title='bbox 705 3696 847 3775; x_wconf 86' lang='lat' dir='ltr'><strong>redeunt,</strong></span> <span class='ocrx_word' id='word_1_250' title='bbox 873 3708 937 3759; x_wconf 87' lang='lat' dir='ltr'><strong>tum</strong></span> <span class='ocrx_word' id='word_1_251' title='bbox 962 3714 1034 3759; x_wconf 90' lang='lat' dir='ltr'><strong>vero</strong></span> <span class='ocrx_word' id='word_1_252' title='bbox 1056 3714 1083 3756; x_wconf 87' lang='grc'><strong>6.</strong></span> <span class='ocrx_word' id='word_1_253' title='bbox 1107 3694 1185 3758; x_wconf 87' lang='grc'><strong>1316</strong></span> <span class='ocrx_word' id='word_1_254' title='bbox 1207 3711 1268 3773; x_wconf 87' lang='grc'><strong>666</strong></span> 
     </span>
     <span class='ocr_line' id='line_1_32' title="bbox 15 3794 1269 3890; baseline -0.001 -34"><span class='ocrx_word' id='word_1_255' title='bbox 15 3867 17 3890; x_wconf 85' lang='lat'><strong>,</strong></span> <span class='ocrx_word' id='word_1_256' title='bbox 109 3794 139 3856; x_wconf 93' lang='lat' dir='ltr'><strong>in</strong></span> <span class='ocrx_word' id='word_1_257' title='bbox 154 3794 272 3873; x_wconf 84' lang='lat' dir='ltr'><strong>logeum</strong></span> <span class='ocrx_word' id='word_1_258' title='bbox 283 3815 315 3859; x_wconf 89' lang='lat' dir='ltr'><strong>se</strong></span> <span class='ocrx_word' id='word_1_259' title='bbox 328 3795 498 3873; x_wconf 86' lang='lat' dir='ltr'><strong>conferunt,</strong></span> <span class='ocrx_word' id='word_1_260' title='bbox 520 3801 555 3860; x_wconf 95' lang='lat' dir='ltr'><strong>ut</strong></span> <span class='ocrx_word' id='word_1_261' title='bbox 570 3795 706 3876; x_wconf 89' lang='lat' dir='ltr'><strong>Oropam</strong></span> <span class='ocrx_word' id='word_1_262' title='bbox 725 3802 756 3860; x_wconf 94' lang='lat' dir='ltr'><strong>et</strong></span> <span class='ocrx_word' id='word_1_263' title='bbox 769 3796 945 3877; x_wconf 83' lang='lat' dir='ltr'><strong>Trygaeum</strong></span> <span class='ocrx_word' id='word_1_264' title='bbox 965 3815 982 3859; x_wconf 91' lang='lat' dir='ltr'><strong>e</strong></span> <span class='ocrx_word' id='word_1_265' title='bbox 998 3795 1088 3858; x_wconf 92' lang='lat' dir='ltr'><strong>domo</strong></span> <span class='ocrx_word' id='word_1_266' title='bbox 1107 3799 1269 3856; x_wconf 89' lang='lat' dir='ltr'><strong>arcessant</strong></span> 
     </span>
    </p>
   </div>
   <div class='ocr_carea' id='block_1_13' title="bbox 111 4039 1268 4276">
    <p class='ocr_par' dir='ltr' id='par_1_13' title="bbox 111 4039 1268 4276">
     <span class='ocr_line' id='line_1_33' title="bbox 180 4039 1268 4110; baseline -0.001 -19"><span class='ocrx_word' id='word_1_267' title='bbox 180 4039 203 4104; x_wconf 93' lang='grc'><strong>1)</strong></span> <span class='ocrx_word' id='word_1_268' title='bbox 222 4054 313 4093; x_wconf 83' lang='grc'><strong>666666</strong></span> <span class='ocrx_word' id='word_1_269' title='bbox 332 4058 439 4108; x_wconf 89' lang='grc'><strong>66666666</strong></span> <span class='ocrx_word' id='word_1_270' title='bbox 451 4042 478 4094; x_wconf 91' lang='lat' dir='ltr'><strong>in</strong></span> <span class='ocrx_word' id='word_1_271' title='bbox 496 4040 575 4109; x_wconf 87' lang='lat' dir='ltr'><strong>logeo</strong></span> <span class='ocrx_word' id='word_1_272' title='bbox 585 4048 748 4109; x_wconf 89' lang='lat' dir='ltr'><strong>apparentes</strong></span> <span class='ocrx_word' id='word_1_273' title='bbox 758 4040 837 4110; x_wconf 83' lang='lat' dir='ltr'><strong>fingit</strong></span> <span class='ocrx_word' id='word_1_274' title='bbox 855 4039 1128 4094; x_wconf 86' lang='lat' dir='ltr'><strong>Schoenbornins</strong></span> <span class='ocrx_word' id='word_1_275' title='bbox 1146 4042 1184 4106; x_wconf 80' lang='lat' dir='ltr'><strong>(p.</strong></span> <span class='ocrx_word' id='word_1_276' title='bbox 1199 4039 1268 4103; x_wconf 85' lang='grc'><strong>196),</strong></span> 
     </span>
     <span class='ocr_line' id='line_1_34' title="bbox 111 4124 1268 4194; baseline 0.002 -18"><span class='ocrx_word' id='word_1_277' title='bbox 111 4124 180 4190; x_wconf 90' lang='lat' dir='ltr'><strong>quod</strong></span> <span class='ocrx_word' id='word_1_278' title='bbox 207 4126 330 4192; x_wconf 88' lang='lat' dir='ltr'><strong>equidem</strong></span> <span class='ocrx_word' id='word_1_279' title='bbox 358 4144 493 4190; x_wconf 86' lang='lat' dir='ltr'><strong>recusem,</strong></span> <span class='ocrx_word' id='word_1_280' title='bbox 518 4126 581 4194; x_wconf 88' lang='lat' dir='ltr'><strong>quia</strong></span> <span class='ocrx_word' id='word_1_281' title='bbox 613 4128 710 4194; x_wconf 88' lang='lat' dir='ltr'><strong>quibus</strong></span> <span class='ocrx_word' id='word_1_282' title='bbox 735 4127 803 4181; x_wconf 87' lang='lat' dir='ltr'><strong>loeis</strong></span> <span class='ocrx_word' id='word_1_283' title='bbox 828 4135 926 4180; x_wconf 88' lang='lat' dir='ltr'><strong>matres</strong></span> <span class='ocrx_word' id='word_1_284' title='bbox 950 4126 1014 4179; x_wconf 87' lang='lat' dir='ltr'><strong>illae</strong></span> <span class='ocrx_word' id='word_1_285' title='bbox 1042 4124 1069 4177; x_wconf 91' lang='lat' dir='ltr'><strong>in</strong></span> <span class='ocrx_word' id='word_1_286' title='bbox 1094 4140 1192 4179; x_wconf 84' lang='lat' dir='ltr'><strong>scaena</strong></span> <span class='ocrx_word' id='word_1_287' title='bbox 1210 4140 1268 4178; x_wconf 84' lang='lat' dir='ltr'><strong>rer·</strong></span> 
     </span>
     <span class='ocr_line' id='line_1_35' title="bbox 111 4210 1135 4276; baseline 0.003 -15"><span class='ocrx_word' id='word_1_288' title='bbox 111 4215 198 4265; x_wconf 88' lang='lat' dir='ltr'><strong>santes</strong></span> <span class='ocrx_word' id='word_1_289' title='bbox 216 4213 386 4266; x_wconf 88' lang='lat' dir='ltr'><strong>nominantur</strong></span> <span class='ocrx_word' id='word_1_290' title='bbox 405 4228 542 4267; x_wconf 87' lang='lat' dir='ltr'><strong>servarum</strong></span> <span class='ocrx_word' id='word_1_291' title='bbox 561 4212 636 4266; x_wconf 90' lang='lat' dir='ltr'><strong>nulla</strong></span> <span class='ocrx_word' id='word_1_292' title='bbox 654 4212 754 4266; x_wconf 91' lang='lat' dir='ltr'><strong>mentio</strong></span> <span class='ocrx_word' id='word_1_293' title='bbox 772 4212 803 4265; x_wconf 88' lang='lat' dir='ltr'><strong>fit</strong></span> <span class='ocrx_word' id='word_1_294' title='bbox 822 4212 869 4276; x_wconf 83' lang='lat' dir='ltr'><strong>(of.</strong></span> <span class='ocrx_word' id='word_1_295' title='bbox 889 4229 929 4264; x_wconf 80' lang='grc'><strong>66.</strong></span> <span class='ocrx_word' id='word_1_296' title='bbox 942 4212 982 4274; x_wconf 86' lang='grc'><strong>111,</strong></span> <span class='ocrx_word' id='word_1_297' title='bbox 997 4210 1053 4268; x_wconf 84' lang='grc'><strong>102,</strong></span> <span class='ocrx_word' id='word_1_298' title='bbox 1065 4211 1135 4276; x_wconf 84' lang='grc'><strong>3611).</strong></span> 
     </span>
    </p>
   </div>
   <div class='ocr_carea' id='block_1_14' title="bbox 178 4314 1086 4382">
    <p class='ocr_par' dir='ltr' id='par_1_14' title="bbox 178 4314 1086 4382">
     <span class='ocr_line' id='line_1_36' title="bbox 178 4314 1086 4382; baseline 0.001 -16"><span class='ocrx_word' id='word_1_299' title='bbox 178 4314 205 4368; x_wconf 81' lang='lat' dir='ltr'><strong>at</strong></span> <span class='ocrx_word' id='word_1_300' title='bbox 225 4314 779 4382; x_wconf 78' lang='grc'><strong>11616166666616166661666666[1166166111</strong></span> <span class='ocrx_word' id='word_1_301' title='bbox 799 4315 916 4369; x_wconf 86' lang='lat' dir='ltr'><strong>editione</strong></span> <span class='ocrx_word' id='word_1_302' title='bbox 942 4332 1004 4367; x_wconf 75' lang='lat' dir='ltr'><strong>ersus</strong></span> <span class='ocrx_word' id='word_1_303' title='bbox 1022 4332 1086 4367; x_wconf 86' lang='lat' dir='ltr'><strong>sum.</strong></span> 
     </span>
    </p>
   </div>
   <div class='ocr_carea' id='block_1_15' title="bbox 210 4424 1129 4492">
    <p class='ocr_par' dir='ltr' id='par_1_15' title="bbox 210 4424 1129 4492">
     <span class='ocr_line' id='line_1_37' title="bbox 210 4424 1129 4492; baseline -0.001 -8"><span class='ocrx_word' id='word_1_304' title='bbox 210 4446 369 4492; x_wconf 75' lang='lat' dir='ltr'><strong>(Harzmannl.</strong></span> <span class='ocrx_word' id='word_1_305' title='bbox 1113 4424 1129 4475; x_wconf 84' lang='lat'><strong>3</strong></span> 
     </span>
    </p>
   </div>
   <div class='ocr_carea' id='block_1_16' title="bbox 0 0 1619 5200">
    <p class='ocr_par' dir='ltr' id='par_1_16' title="bbox 0 0 1619 5200">
     <span class='ocr_line' id='line_1_38' title="bbox 0 0 1619 5200; baseline 0 0"><span class='ocrx_word' id='word_1_306' title='bbox 0 0 1619 5200; x_wconf 95' lang='lat' dir='ltr'><strong> </strong></span> 
     </span>
    </p>
   </div>
  </div>
 </body>
</html>
