3225 5200
677 493 712 556 dl

121 667 218 742 δεξιά
239 668 383 749 ἀγρόθεν
404 666 426 751 ν)
446 670 481 730 ἐκ
509 669 634 749 λιμένος
654 667 676 752 τ’)
702 671 737 732 ἐκ
767 668 891 744 πόλεως
914 668 992 748 ἄγει.
1036 669 1068 732 οἱ
1088 670 1125 732 δὲ
1146 669 1283 751 ἀλλαχό-

122 772 189 830 θεν
204 769 294 846 πεζοὶ
314 767 543 852 α’ᾳικνούμενοτ
565 770 648 831 aare?
669 770 729 853 τήν
751 768 864 849 ἑτέραν
886 768 1034 834 εἰσίασιν.
1077 768 1284 844 εἰσελθόντες

123 867 163 929 δὲ
185 870 268 931 κατά
295 870 355 954 τήν
383 868 566 955 ὀρχήστραν
594 869 650 931 ε’ττὶ
675 870 734 953 τήν
763 871 884 954 σκηνήν
906 871 1121 952 α’νάβαίνόνσι
1148 871 1203 934 dial
1221 871 1283 934 κλι·

122 969 238 1046 poison
265 970 374 1050 quibus
409 990 446 1034 ex
483 969 585 1033 verbis
619 970 686 1033 luce
709 970 822 1034 clarius
850 976 991 1051 apparet,
1021 976 1056 1034 ut
1085 970 1211 1033 chorum
1239 970 1283 1032 ita

122 1067 302 1151 histriones,
328 1070 353 1133 si
376 1068 498 1135 tabulae
527 1069 765 1149 postulaverint,
793 1088 848 1150 per
869 1070 1006 1151 parodos
1036 1071 1286 1150 inconspectum

124 1169 248 1232 venisse
259 1167 292 1251 ¹).
335 1169 447 1232 Variae
477 1170 557 1232 enim
586 1174 659 1232 sunt
679 1187 801 1249 causae,
822 1187 918 1250 quare
941 1175 1064 1233 actores
1085 1168 1133 1231 his
1149 1167 1287 1232 aditibus

123 1269 174 1331 usi
197 1269 270 1332 siut.
313 1269 429 1333 Perse
452 1274 542 1349 patet
573 1267 739 1334 histriones
762 1269 814 1348 qni
836 1287 987 1333 unacum
1013 1268 1106 1333 choro
1128 1285 1287 1349 comparu-

125 1370 207 1433 erint
226 1368 332 1432 iisdem
352 1369 462 1449 quibus
480 1369 566 1432 illurn
585 1369 651 1449 viis,
671 1387 726 1446 per
740 1369 877 1449 parodos
895 1368 1020 1449 scilieet,
1041 1369 1071 1431 in
1094 1368 1284 1432 orchestram

125 1486 313 1549 progressos
335 1486 412 1532 esse.
455 1468 614 1548 Optimum
637 1468 726 1532 huius
749 1469 794 1532 rei
811 1469 982 1548 exemplum
1005 1467 1146 1548 Aeschyli
1168 1466 1288 1531 Gboe-
1396 1482 1399 1489 ’

124 1568 287 1648 phorum
315 1567 400 1632 locus
429 1569 556 1648 qnidam
588 1568 725 1649 praebet,
755 1568 1032 1633 dicoversurn10
1060 1574 1091 1632 et
1113 1575 1286 1648 sequentes,

125 1667 254 1732 Orestes
276 1668 469 1748 Pyladesque
491 1669 522 1731 in
545 1686 658 1732 scaena
676 1686 773 1748 prope
785 1668 1027 1748 Agamemnonis
1049 1668 1199 1731 tumulum
1220 1686 1288 1731 ver·

123 1774 252 1831 santur:
282 1786 349 1832 cum
376 1768 461 1831 videt
483 1768 609 1832 Orestes
640 1767 764 1832 chorum
794 1768 956 1834 mulierum
985 1768 1286 1849 appropinquantem

123 1874 223 1948 atque
243 1869 323 1931 inter
344 1886 411 1932 eas:

248 1969 302 2030 καὶ
322 1969 383 2049 γσλρ
399 1967 573 2048 Ἠλέκτραν
594 1968 679 2030 δοκῶ

250 2073 389 2147 στείχειν
409 2067 557 2148 ἀδελφήν
577 2068 636 2150 τήν
658 2067 739 2148 ἐμήν
761 2071 881 2129 πένθει
901 2068 1004 2148 λυγρῷ

250 2176 450 2247 ττρέττονσαν.
473 2168 514 2248 (v.
536 2171 572 2230 16
596 2170 675 2247 sqq.)

123 2267 191 2330 Has
205 2267 247 2331 illi
265 2273 301 2330 ut
320 2268 445 2345 evitent,
469 2268 498 2329 in
517 2266 651 2344 virgulta
664 2285 759 2347 prope
778 2266 932 2329 tumulum
949 2282 1017 2329 sese
1035 2267 1155 2330 abdunt
1171 2267 1213 2347 (v.
1225 2268 1287 2346 22).

123 2367 334 2444 Quamobrem
364 2386 422 2448 pro
453 2371 538 2430 certo
568 2365 688 2429 affirmo
716 2367 873 2430 Electram
903 2384 971 2430 cnm
998 2366 1090 2430 choro
1113 2368 1286 2446 ingressam

123 2485 181 2547 per
210 2467 350 2530 dextram
375 2467 523 2546 paredum
555 2466 643 2548 (nam
673 2466 840 2531 adveniunt
868 2485 885 2529 e
910 2467 998 2529 domo
1029 2468 1116 2545 regia
1143 2456 1226 2550 quae
1255 2469 1286 2530 in

123 2566 266 2646 proximo
302 2566 410 2630 tumuli
441 2573 530 2630 extra
560 2583 703 2631 scaenam
731 2565 919 2648 fingebatur)
954 2566 1035 2630 inter
1064 2565 1149 2630 chori
1178 2572 1287 2631 cantus
1323 2618 1326 2625 .

124 2666 250 2745 logeum
261 2666 445 2746 ascendisse,
457 2674 491 2730 ut
503 2667 646 2730 manibus
657 2667 757 2747 patris
770 2670 800 2729 in
814 2666 934 2729 tumulo
946 2666 1023 2731 libet
1032 2667 1055 2744 2)
1068 2666 1119 2746 (cf.
1128 2686 1157 2729 v.
1167 2672 1183 2728 7
1188 2672 1204 2728 7
1215 2664 1285 2749 sq).

209 2781 243 2844 ln
269 2781 534 2846 Philoctetae
564 2784 649 2848 initio
673 2783 907 2863 Neoptolemum
938 2789 980 2846 et·
996 2782 1115 2846 Ulixem
1143 2801 1210 2846 cum
1231 2783 1287 2845 rni-

124 2880 233 2944 litibus
262 2882 314 2961 qui
343 2881 467 2945 chorum
499 2881 666 2946 conficiunt
694 2900 749 2962 per
771 2883 927 2946 sinistram
955 2881 1105 2961 paredum
1128 2882 1158 2943 in
1181 2880 1288 2943 orche-

125 2987 195 3043 stra
232 2983 412 3061 apparuisse
441 2982 581 3061 equidem
613 3000 793 3062 persuasnm
826 2982 971 3061 habeo³).
1013 2981 1119 3045 Ulixes
1146 2990 1287 3044 metuens

125 3081 203 3143 iram
228 3080 427 3160 Philoctetae,
450 3100 540 3162 quem
559 3081 630 3144 olim
653 3083 684 3144 in
707 3082 833 3145 deserta
850 3082 950 3146 insula
971 3082 1179 3161 dereliquerit,
1207 3079 1287 3143 Neo-

126 3180 297 3260 ptolemum
320 3199 395 3261 prae
417 3200 449 3245 se
468 3182 573 3261 mittit,
597 3188 633 3245 ut
655 3187 779 3244 antrum
799 3181 998 3261 Philoctetae,
1019 3181 1101 3262 quod
1123 3182 1153 3243 in
1176 3197 1288 3242 scaena

127 3287 201 3357 stat,
234 3281 447 3361 investigetur.
498 3281 565 3359 Quo
585 3280 622 3343 fit
644 3280 826 3361 ut‚dchillis
845 3280 941 3344 filium
963 3281 1023 3344 iarn
1042 3301 1071 3344 v.
1090 3281 1139 3358 27,
1168 3278 1287 3343 Ulixem

127 3380 255 3443 tandem
270 3399 297 3443 v.
310 3385 348 3444 50
366 3381 396 3442 in
412 3379 501 3460 logeo
520 3386 694 3443 versantem
712 3381 884 3443 videamus.
917 3380 1024 3460 Neque
1038 3381 1117 3443 enim
1129 3378 1288 3443 aliomodo

200 3626 224 3693 1)
243 3626 276 3679 cf.
300 3626 485 3678 eilbertum
508 3624 719 3678 Muellerum
742 3625 760 3678 l.
780 3627 799 3680 l.
820 3644 845 3694 p.
858 3629 913 3681 166.

197 3712 223 3779 2)
242 3711 507 3765 Schoenbornio
532 3714 644 3765 auctore
670 3713 708 3779 (p.
724 3712 775 3764 223
793 3712 844 3779 sq.)
869 3712 897 3764 in
923 3713 1012 3781 prima
1036 3713 1194 3783 tragoediae
1210 3718 1289 3782 parte

132 3797 344 3865 Agamemnonis
373 3797 510 3850 tumulum
541 3797 662 3851 medium
687 3815 799 3851 scaenae
826 3798 914 3851 locum
941 3799 1090 3852 obtinuisse
1114 3799 1289 3852 arbitramur.

129 3882 230 3936 Tauren
257 3883 336 3936 valde
361 3884 491 3938 erravisse
516 3884 602 3937 virum
629 3885 749 3948 doctum,
773 3902 835 3937 cum
860 3885 1029 3938 existimaret
1048 3886 1169 3938 Orestem
1189 3885 1287 3939 falsum

131 3985 185 4021 esse
216 3967 288 4035 quod
321 3985 439 4022 sororem
470 3969 543 4023 inter
574 3969 690 4024 feminas
717 3976 869 4024 versantem
897 3970 1017 4040 aspicere
1041 3971 1092 4022 sibi
1116 3970 1236 4024 finxisset
1261 3976 1288 4025 et

132 4055 266 4109 Electram
286 4053 338 4120 tila
355 4054 580 4108 Godofredus
599 4055 819 4111 Hermannus
838 4056 965 4124 Aeschyli
979 4056 1045 4108 edit.
1061 4063 1126 4109 torn.
1137 4056 1171 4118 II,
1190 4075 1216 4124 p.
1227 4056 1288 4123 653)

131 4141 238 4193 denium
265 4143 358 4210 paullo
381 4149 447 4196 ante
473 4161 578 4198 versum
591 4145 623 4197 75
646 4144 675 4197 in
703 4145 782 4212 logeo
803 4143 969 4213 apparuisse,
994 4142 1054 4210 ipsa
1079 4141 1181 4195 Orestis
1206 4142 1288 4195 verba

131 4229 196 4282 satis
213 4230 411 4283 demonstrant.

194 4314 221 4384 3)
240 4315 311 4368 idem
333 4316 440 4383 placuit
458 4316 624 4371 Kolstero
643 4318 772 4387 (sophocl.
790 4317 867 4371 saud.
886 4318 939 4385 p.3
954 4317 1031 4385 sqq).
