3225 5200
623 525 660 590 19

64 729 129 774 cnon
149 709 278 775 tibicine
297 707 486 773 concinebat.
530 708 630 787 htque
653 706 732 770 tales
754 722 827 769 aras
855 703 1078 786 posterioribus
1099 719 1220 783 quoque

64 808 251 889 temporibus
282 809 312 871 in
343 807 475 871 theatris
505 806 671 870 collocatas
701 805 798 869 fuisse
826 823 894 869 cum
922 803 1033 868 Suidas
1066 803 1220 884 ceterique.

65 914 229 988 testantur,
252 926 330 989 quos
354 907 506 988 thymelen
530 906 625 996 fuisse
647 906 776 986 Dionysi
795 923 882 968 aram
903 905 936 968 in
960 905 1120 969 orchestra
1140 902 1221 985 posi-

64 1012 124 1070 tam
142 1007 270 1072 tradere
287 1025 382 1087 snpra
401 1006 542 1085 vidimus,
558 1012 625 1069 tum
641 1005 777 1087 Dionyso
796 1005 827 1068 in
845 1005 1079 1070 Atheniensium
1096 1004 1221 1068 theatro

64 1105 267 1171 sacrificatum
298 1105 394 1172 luisse
421 1112 547 1185 praeter
576 1112 694 1170 ceteros
708 1108 730 1185 ¹)
759 1106 819 1169 Dio
841 1104 1102 1186 Chrysosthomus
1131 1105 1221 1185 (orat.

63 1206 163 1271 XXXI
184 1208 246 1273 vol.
268 1208 298 1288 l,
321 1226 349 1287 p.
373 1208 432 1271 386
454 1205 562 1285 Dind.)
591 1205 639 1269 his
668 1205 768 1270 verbis
797 1212 1030 1270 commemorat:
1061 1206 1224 1289 Ἀθηναῖοι

65 1304 99 1367 δὲ
118 1306 153 1368 ἐν
177 1310 226 1387 τῷ
246 1305 379 1387 θεάτρῳ
400 1308 546 1368 θεῶνται
567 1306 627 1388 την
653 1304 754 1392 καλήν
774 1304 896 1387 ταύτην
922 1310 1008 1368 dicon
1036 1304 1093 1368 ὑπ’
1122 1304 1224 1392 αὐτὴν

64 1405 119 1490 την
136 1406 332 1487 οἷκροπόλιν,
362 1394 402 1468 οὗ
422 1407 480 1467 τὸν
502 1404 664 1469 Διόνυσον
684 1404 740 1467 ἐπὶ
767 1403 828 1491 την
851 1402 1036 1489 ὀρχήστραν
1063 1411 1224 1468 τιθέασιν.

65 1501 144 1568 ὥστε
167 1504 325 1579 πολλάκις
345 1507 381 1568 εἰ·
402 1506 513 1578 αὐτοῖς
533 1528 606 1567 τινα
628 1505 842 1588 σφάττεσθαι
861 1509 928 1578 τοῖς
943 1503 1082 1585 θρόνοις,
1106 1494 1146 1568 οὗ
1165 1506 1225 1567 τάν

66 1602 257 1688 ἱεροφάντην
288 1605 341 1667 καὶ
368 1605 443 1677 τούς
470 1601 586 1678 ἄλλους
616 1603 710 1683 ἱερεῖς
737 1604 862 1688 α’νάχιιη
883 1609 1037 1682 καθίζειν.
1084 1606 1223 1684 Quodsi

67 1723 166 1769 verum
196 1712 264 1787 est,
295 1724 429 1770 eausam
446 1723 507 1768 non
534 1705 680 1768 habemus
703 1721 799 1783 qnare
823 1723 911 1769 aram
932 1704 1015 1768 illam
1036 1703 1225 1785 procedente

68 1810 202 1887 tempore
220 1825 259 1870 ex
276 1805 407 1870 theatris
423 1804 585 1869 evanuisse
613 1809 707 1884 atque
728 1803 877 1885 thymelen
896 1822 1006 1868 nomen
1025 1805 1055 1867 in
1070 1804 1225 1885 pulpitum

67 1919 121 1982 quo
142 1905 198 1969 illa
219 1906 314 1970 fuerit
336 1905 486 1970 collocata
509 1904 672 1969 transiisse
695 1903 904 1985 Wieseler02)
928 1904 1144 1970 concedamus.

142 2027 255 2110 Neque
283 2046 378 2109 porro
408 2034 512 2092 cetera
533 2046 614 2111 quae
643 2026 736 2092 affert
757 2027 948 2093 Wieselerus
971 2034 1111 2113 veterum
1139 2031 1227 2094 testi-

69 2128 165 2191 monia
189 2129 359 2209 quidquam
386 2129 425 2193 de
447 2128 501 2193 tali
524 2128 643 2208 pulpito
665 2127 730 2191 alto
759 2134 855 2210 atque
877 2128 980 2209 amplo
1003 2128 1228 2192 demonstrant.

70 2223 200 2291 Primum
232 2226 354 2308 quidem
385 2227 560 2307 exemplum
581 2228 734 2292 Athenaei
763 2228 900 2310 locum³l
927 2229 981 2292 ille
1003 2228 1140 2310 profert,
1168 2246 1229 2308 quo

70 2322 210 2392 Pratinas
234 2327 390 2392 inducitur
413 2328 604 2409 indignatae,
626 2329 709 2408 qnod
732 2328 882 2412 αὐλητῶν
906 2329 959 2392 καὶ
981 2332 1142 2409 χορευτῶν
1157 2347 1230 2409 μισ-

69 2424 223 2507 θοφόρων
250 2426 456 2507 κατεχόντων
484 2427 543 2500 τάς
564 2427 744 2513 ὀρχήστρας
770 2429 913 2495 tibicines
942 2447 1003 2493 non
1031 2429 1231 2498 concinerent

72 2522 150 2589 tibiis
173 2526 261 2590 chori
284 2528 441 2608 cantibus,
473 2527 528 2591 sed
557 2529 674 2610 primas
707 2535 838 2611 agerent
865 2535 988 2612 partes,
1017 2534 1113 2613 atque
1138 2528 1231 2593 hosce

71 2640 173 2693 versus
193 2629 396 2710 pronuntiat:

256 2758 303 2825 τίς
325 2752 343 2814 ὁ
363 2751 505 2834 θόρυβος
528 2749 584 2817 ὅδε
592 2778 604 2831 ,·
624 2757 660 2816 τί
678 2751 760 2815 τάδε
783 2754 826 2815 τά
846 2752 1033 2836 χορεύματα
1041 2779 1053 2831 ,·

147 2858 196 2925 τίς
219 2849 307 2934 ὕβρις
327 2851 421 2931 ἔμολε
443 2852 499 2914 ἐπὶ
517 2851 719 2916 Διονυσιάδα
741 2852 961 2934 πολυπάταγα
982 2854 1132 2935 θυμέλαν
1138 2877 1151 2930 ,·

459 2952 535 3032 ἐμός
557 2953 632 3033 ε’μός
651 2952 669 3015 ὁ
689 2949 843 3034 Βρόμιος*
866 3016 871 3026 ,

74 3096 262 3110 ¹·—-—--—-

138 3194 164 3262 1)
182 3195 399 3251 Philostrat.
427 3197 488 3252 vit.
512 3200 675 3268 Apollon.
701 3200 747 3266 IV,
766 3201 814 3265 22,
834 3219 860 3271 p.
881 3203 922 3267 74,
939 3202 1001 3271 8aq.
1021 3201 1120 3272 Xays:
1146 3204 1177 3254 od
1195 3204 1232 3264 dl,

73 3277 183 3343 Διόνυσε,
210 3284 275 3343 μετά
299 3285 412 3334 τοιοῦτον
436 3277 501 3344 αἷμα
520 3288 544 3344 ἐς
568 3288 597 3337 τὸ
620 3291 730 3355 θέατρον
754 3289 864 3356 φοιτᾷυι,
890 3291 958 3341 κάτει
981 3310 1020 3341 σοι
1043 3291 1193 3341 σπλνδυυοιν
1211 3292 1235 3339 οἱ

74 3368 137 3424 noct
157 3370 301 3435 Ἀθηναῖοι.
337 3369 427 3426 Plui.
453 3370 584 3426 Cimon.
604 3373 686 3428 VIII:
714 3376 805 3435 Κίμων
831 3378 894 3436 μετά
921 3377 971 3428 τῶν
995 3376 1144 3444 στρατηγῶν
1169 3393 1232 3444 προ-

73 3450 151 3504 ελθών
169 3456 372 3526 inredempti
391 3459 528 3522 ἐποιήσατο
542 3458 578 3527 τῷ
596 3459 651 3528 θεῷ
666 3461 712 3519 arie
729 3468 905 3522 νενομισμένας
921 3462 1039 3520 σπονδάς,
1071 3461 1231 3517 Eustrai.

76 3535 114 3588 ad
144 3540 297 3596 Al'isiot.
329 3541 404 3595 Eth.
435 3543 567 3598 Nicoln.
592 3545 622 3610 3,
648 3546 678 3611 2,
704 3546 775 3600 lvo:
813 3550 878 3615 Myer
901 3550 927 3600 di
956 3550 1013 3618 arpi
1037 3550 1169 3614 Αἰσχύλον
1193 3553 1233 3601 καὶ

71 3619 226 3694 Ἡρακλείδης
249 3627 261 3678 ὃ
279 3628 402 3688 Ποντικὸς
428 3630 465 3698 τῷ
491 3632 583 3700 nnciam
601 3635 661 3700 arpi
677 3632 799 3704 Ὀμήρου,
823 3634 856 3694 ὦς
878 3637 1061 3694 κινδιινειλιντσς
1083 3637 1125 3687 ἐπὶ
1144 3639 1233 3704 σκηνῆς

76 3707 252 3782 ἀναιρεθῆναι,
273 3716 315 3767 inl
332 3714 370 3784 τῷ
388 3716 439 3767 τῶν
456 3716 582 3776 μυστικῶν
602 3725 734 3790 προφέρειν
751 3721 811 3772 τινά
827 3722 922 3782 δοκεῖν,
942 3725 966 3772 εἰ
980 3723 1016 3789 μή
1034 3727 1234 3792 προαισθόμενος

76 3803 208 3865 κατέφυγεν
222 3803 267 3852 ἐπὶ
280 3802 323 3852 τὸν
338 3802 385 3853 τσῦ
399 3805 519 3853 Διονύσου
533 3808 692 3866 βυιμόν.....
723 3806 756 3858 ef.
774 3806 892 3860 adhunc
902 3807 990 3861 locum
1004 3808 1023 3860 P
1030 3808 1232 3863 eiersenium

77 3879 170 3973 lWien.
194 3886 264 3940 Sturl
292 3888 321 3949 l,
347 3906 372 3955 p.
393 3888 461 3954 176).
498 3888 583 3944 Plura
605 3891 731 3961 exempla
756 3892 878 3948 invenies
902 3895 975 3963 apud
1001 3893 1233 3948 Wieselerum

78 3980 104 4019 m
121 3970 214 4027 hlreeh.
233 3981 262 4027 et
280 3973 364 4027 arun.
384 3973 401 4026 l.
422 3975 439 4028 l.
458 3992 485 4043 p.
504 3975 555 4029 205
573 3977 602 4030 in
621 3976 684 4032 adn·
706 3979 744 4032 19.

140 4082 166 4149 2)
188 4082 222 4136 ef.
246 4083 263 4137 l.
283 4083 300 4135 l.
322 4101 348 4151 p.
368 4084 408 4138 26.
444 4083 516 4137 idern
540 4085 645 4155 placuit
671 4088 976 4143 Sommerbrodtio
999 4089 1016 4143 l.
1041 4090 1059 4144 l.
1083 4110 1107 4160 p.
1126 4091 1233 4159 88sqq.,

80 4177 103 4228 n.
114 4166 201 4237 eosq„
220 4169 268 4236 qui
281 4172 399 4238 primum
413 4171 524 4237 quidem
537 4174 650 4228 eandem
665 4175 721 4229 iere
734 4191 817 4242 quam
833 4192 883 4230 uos
894 4177 1049 4245 proferebat
1059 4178 1234 4242 sententiam,

80 4249 133 4304 tum
152 4273 216 4309 vero
236 4257 280 4310 vel
299 4256 418 4325 plurima
438 4258 590 4313 Wieselero
608 4261 783 4316 concedebat.

38 4413 40 4436 ‚
143 4364 170 4431 3)
188 4365 280 4435 deipn.
298 4368 371 4433 XIV,
389 4370 421 4430 8,
439 4385 465 4435 p.
486 4369 536 4423 617
547 4372 630 4434 e-d3
654 4370 792 4425 Wiesel.
813 4372 832 4424 l.
850 4372 868 4425 l.
888 4390 913 4440 p.
936 4374 1011 4438 llsq.

39 4471 40 4484 r
778 4479 783 4489 ,
1082 4478 1115 4530 2*
