<?xml version="1.0" encoding="UTF-8"?>
<!DOCTYPE html PUBLIC "-//W3C//DTD XHTML 1.0 Transitional//EN"
    "http://www.w3.org/TR/xhtml1/DTD/xhtml1-transitional.dtd">
<html xmlns="http://www.w3.org/1999/xhtml" xml:lang="en" lang="en">
 <head>
  <title>
</title>
<meta http-equiv="Content-Type" content="text/html;charset=utf-8" />
  <meta name='ocr-system' content='tesseract 3.04.00' />
  <meta name='ocr-capabilities' content='ocr_page ocr_carea ocr_par ocr_line ocrx_word'/>
</head>
<body>
  <div class='ocr_page' id='page_1' title='image "./quaestionesscae00harzgoog_0047.png"; bbox 0 0 3225 5200; ppageno 0'>
   <div class='ocr_carea' id='block_1_1' title="bbox 662 428 700 487">
    <p class='ocr_par' dir='ltr' id='par_1_1' title="bbox 662 428 700 487">
     <span class='ocr_line' id='line_1_1' title="bbox 662 428 700 487; baseline 0.053 -2"><span class='ocrx_word' id='word_1_1' title='bbox 662 428 700 487; x_wconf 81' lang='lat'>39</span> 
     </span>
    </p>
   </div>
   <div class='ocr_carea' id='block_1_2' title="bbox 96 599 1259 887">
    <p class='ocr_par' dir='ltr' id='par_1_2' title="bbox 96 599 1259 887">
     <span class='ocr_line' id='line_1_2' title="bbox 97 599 1259 686; baseline 0.003 -20"><span class='ocrx_word' id='word_1_2' title='bbox 97 599 332 666; x_wconf 87' lang='lat' dir='ltr'>Schoenbornio</span> <span class='ocrx_word' id='word_1_3' title='bbox 351 600 398 683; x_wconf 88' lang='lat' dir='ltr'>(p.</span> <span class='ocrx_word' id='word_1_4' title='bbox 423 602 494 682; x_wconf 80' lang='lat'>137)</span> <span class='ocrx_word' id='word_1_5' title='bbox 516 602 684 667; x_wconf 80' lang='lat' dir='ltr'>concedere</span> <span class='ocrx_word' id='word_1_6' title='bbox 703 619 837 683; x_wconf 88' lang='lat' dir='ltr'>possum</span> <span class='ocrx_word' id='word_1_7' title='bbox 863 603 946 668; x_wconf 89' lang='lat' dir='ltr'>illum</span> <span class='ocrx_word' id='word_1_8' title='bbox 975 622 1045 670; x_wconf 89' lang='lat' dir='ltr'>curn</span> <span class='ocrx_word' id='word_1_9' title='bbox 1072 604 1183 668; x_wconf 83' lang='lat' dir='ltr'>funere</span> <span class='ocrx_word' id='word_1_10' title='bbox 1203 623 1259 686; x_wconf 92' lang='lat' dir='ltr'>per</span> 
     </span>
     <span class='ocr_line' id='line_1_3' title="bbox 97 701 1259 786; baseline 0.003 -21"><span class='ocrx_word' id='word_1_11' title='bbox 97 719 231 766; x_wconf 83' lang='lat' dir='ltr'>scaenae</span> <span class='ocrx_word' id='word_1_12' title='bbox 253 709 385 782; x_wconf 88' lang='lat' dir='ltr'>portam,</span> <span class='ocrx_word' id='word_1_13' title='bbox 407 701 534 766; x_wconf 90' lang='lat' dir='ltr'>chorum</span> <span class='ocrx_word' id='word_1_14' title='bbox 554 721 609 783; x_wconf 91' lang='lat' dir='ltr'>per</span> <span class='ocrx_word' id='word_1_15' title='bbox 628 702 771 767; x_wconf 81' lang='lat' dir='ltr'>dextram</span> <span class='ocrx_word' id='word_1_16' title='bbox 793 704 945 785; x_wconf 87' lang='lat' dir='ltr'>paredum</span> <span class='ocrx_word' id='word_1_17' title='bbox 968 705 1089 782; x_wconf 82' lang='lat' dir='ltr'>exiisse,</span> <span class='ocrx_word' id='word_1_18' title='bbox 1111 723 1177 768; x_wconf 89' lang='lat' dir='ltr'>curn</span> <span class='ocrx_word' id='word_1_19' title='bbox 1202 724 1259 786; x_wconf 93' lang='lat' dir='ltr'>per</span> 
     </span>
     <span class='ocr_line' id='line_1_4' title="bbox 96 802 1258 887; baseline 0.003 -23"><span class='ocrx_word' id='word_1_20' title='bbox 96 819 130 864; x_wconf 94' lang='lat' dir='ltr'>se</span> <span class='ocrx_word' id='word_1_21' title='bbox 154 810 311 883; x_wconf 78' lang='lat' dir='ltr'>appareat</span> <span class='ocrx_word' id='word_1_22' title='bbox 331 821 393 867; x_wconf 92' lang='lat' dir='ltr'>una</span> <span class='ocrx_word' id='word_1_23' title='bbox 415 802 522 866; x_wconf 90' lang='lat' dir='ltr'>ambos</span> <span class='ocrx_word' id='word_1_24' title='bbox 543 821 687 883; x_wconf 79' lang='lat' dir='ltr'>egressos</span> <span class='ocrx_word' id='word_1_25' title='bbox 711 821 787 868; x_wconf 90' lang='lat' dir='ltr'>esse.</span> <span class='ocrx_word' id='word_1_26' title='bbox 832 804 1000 869; x_wconf 89' lang='lat' dir='ltr'>Praeterea</span> <span class='ocrx_word' id='word_1_27' title='bbox 1026 823 1064 869; x_wconf 88' lang='lat' dir='ltr'>cx</span> <span class='ocrx_word' id='word_1_28' title='bbox 1091 806 1158 887; x_wconf 92' lang='lat' dir='ltr'>ipso</span> <span class='ocrx_word' id='word_1_29' title='bbox 1188 805 1258 868; x_wconf 91' lang='lat' dir='ltr'>dra-</span> 
     </span>
    </p>
   </div>
   <div class='ocr_carea' id='block_1_3' title="bbox 97 903 1298 991">
    <p class='ocr_par' dir='ltr' id='par_1_3' title="bbox 97 903 1298 991">
     <span class='ocr_line' id='line_1_5' title="bbox 97 903 1298 991; baseline 0.004 -27"><span class='ocrx_word' id='word_1_30' title='bbox 97 908 182 966; x_wconf 86' lang='lat' dir='ltr'>mate</span> <span class='ocrx_word' id='word_1_31' title='bbox 193 903 292 967; x_wconf 86' lang='lat' dir='ltr'>elucet</span> <span class='ocrx_word' id='word_1_32' title='bbox 304 903 468 967; x_wconf 83' lang='lat' dir='ltr'>Admetum</span> <span class='ocrx_word' id='word_1_33' title='bbox 486 921 553 967; x_wconf 90' lang='lat' dir='ltr'>cum</span> <span class='ocrx_word' id='word_1_34' title='bbox 568 903 661 967; x_wconf 91' lang='lat' dir='ltr'>choro</span> <span class='ocrx_word' id='word_1_35' title='bbox 677 903 807 968; x_wconf 91' lang='lat' dir='ltr'>rediisse</span> <span class='ocrx_word' id='word_1_36' title='bbox 822 904 853 967; x_wconf 90' lang='lat' dir='ltr'>in</span> <span class='ocrx_word' id='word_1_37' title='bbox 869 903 1070 985; x_wconf 87' lang='lat' dir='ltr'>orchestram,</span> <span class='ocrx_word' id='word_1_38' title='bbox 1085 923 1152 968; x_wconf 91' lang='lat' dir='ltr'>cum</span> <span class='ocrx_word' id='word_1_39' title='bbox 1165 904 1259 969; x_wconf 88' lang='lat' dir='ltr'>verba</span> <span class='ocrx_word' id='word_1_40' title='bbox 1292 977 1298 991; x_wconf 51' lang='grc'>,</span> 
     </span>
    </p>
   </div>
   <div class='ocr_carea' id='block_1_4' title="bbox 94 1002 1258 2289">
    <p class='ocr_par' dir='ltr' id='par_1_4' title="bbox 95 1002 299 1081">
     <span class='ocr_line' id='line_1_6' title="bbox 95 1002 299 1081; baseline 0.015 -18"><span class='ocrx_word' id='word_1_41' title='bbox 95 1002 299 1081; x_wconf 86' lang='lat' dir='ltr'>pronuntiet:</span> 
     </span>
    </p>

    <p class='ocr_par' dir='ltr' id='par_1_5' title="bbox 95 1101 950 1284">
     <span class='ocr_line' id='line_1_7' title="bbox 221 1101 950 1187; baseline 0.004 -22"><span class='ocrx_word' id='word_1_42' title='bbox 221 1101 269 1180; x_wconf 79' lang='lat' dir='ltr'>id,</span> <span class='ocrx_word' id='word_1_43' title='bbox 291 1103 424 1182; x_wconf 78' lang='grc' dir='ltr'><strong><em>στυγναὶ</em></strong></span> <span class='ocrx_word' id='word_1_44' title='bbox 446 1102 607 1183; x_wconf 76' lang='grc' dir='ltr'><em>πρόσοδοι</em></span> <span class='ocrx_word' id='word_1_45' title='bbox 627 1128 654 1166; x_wconf 88' lang='grc' dir='ltr'>κ.</span> <span class='ocrx_word' id='word_1_46' title='bbox 667 1102 734 1167; x_wconf 66' lang='lat' dir='ltr'>ad.</span> <span class='ocrx_word' id='word_1_47' title='bbox 757 1103 797 1183; x_wconf 88' lang='lat' dir='ltr'>(v.</span> <span class='ocrx_word' id='word_1_48' title='bbox 820 1102 950 1187; x_wconf 84' lang='lat' dir='ltr'>873sq.)</span> 
     </span>
     <span class='ocr_line' id='line_1_8' title="bbox 95 1202 646 1284; baseline 0.002 -20"><span class='ocrx_word' id='word_1_49' title='bbox 95 1207 197 1284; x_wconf 88' lang='lat' dir='ltr'>atque</span> <span class='ocrx_word' id='word_1_50' title='bbox 219 1202 332 1266; x_wconf 89' lang='lat' dir='ltr'>chorus</span> <span class='ocrx_word' id='word_1_51' title='bbox 354 1221 423 1267; x_wconf 90' lang='lat' dir='ltr'>eum</span> <span class='ocrx_word' id='word_1_52' title='bbox 444 1203 646 1266; x_wconf 83' lang='lat' dir='ltr'>adhortetur:</span> 
     </span>
    </p>

    <p class='ocr_par' dir='ltr' id='par_1_6' title="bbox 95 1301 1012 1486">
     <span class='ocr_line' id='line_1_9' title="bbox 222 1301 1012 1386; baseline 0.004 -21"><span class='ocrx_word' id='word_1_53' title='bbox 222 1301 333 1386; x_wconf 80' lang='grc' dir='ltr'><em>πρόβα</em></span> <span class='ocrx_word' id='word_1_54' title='bbox 355 1301 476 1384; x_wconf 80' lang='grc' dir='ltr'><em>πρόβα·</em></span> <span class='ocrx_word' id='word_1_55' title='bbox 503 1306 589 1384; x_wconf 64' lang='grc' dir='ltr'>βᾶθι</span> <span class='ocrx_word' id='word_1_56' title='bbox 610 1306 728 1376; x_wconf 74' lang='grc' dir='ltr'><em>κεῦθος</em></span> <span class='ocrx_word' id='word_1_57' title='bbox 751 1303 847 1366; x_wconf 84' lang='grc' dir='ltr'><em>οἴκων</em></span> <span class='ocrx_word' id='word_1_58' title='bbox 869 1304 910 1386; x_wconf 85' lang='lat' dir='ltr'>(v.</span> <span class='ocrx_word' id='word_1_59' title='bbox 928 1302 1012 1386; x_wconf 81' lang='grc'>885),</span> 
     </span>
     <span class='ocr_line' id='line_1_10' title="bbox 95 1402 891 1486; baseline 0.001 -21"><span class='ocrx_word' id='word_1_60' title='bbox 95 1420 182 1485; x_wconf 91' lang='lat' dir='ltr'>quae</span> <span class='ocrx_word' id='word_1_61' title='bbox 206 1404 350 1486; x_wconf 90' lang='lat' dir='ltr'>equidem</span> <span class='ocrx_word' id='word_1_62' title='bbox 371 1404 411 1468; x_wconf 89' lang='lat' dir='ltr'>ad</span> <span class='ocrx_word' id='word_1_63' title='bbox 436 1404 587 1468; x_wconf 88' lang='lat' dir='ltr'>scalarum</span> <span class='ocrx_word' id='word_1_64' title='bbox 608 1402 726 1467; x_wconf 91' lang='lat' dir='ltr'>aditum</span> <span class='ocrx_word' id='word_1_65' title='bbox 748 1402 891 1467; x_wconf 88' lang='lat' dir='ltr'>referam.</span> 
     </span>
    </p>

    <p class='ocr_par' dir='ltr' id='par_1_7' title="bbox 94 1501 1258 1767">
     <span class='ocr_line' id='line_1_11' title="bbox 178 1501 1257 1589; baseline -0.002 -23"><span class='ocrx_word' id='word_1_66' title='bbox 178 1502 290 1586; x_wconf 83' lang='lat' dir='ltr'>Neque</span> <span class='ocrx_word' id='word_1_67' title='bbox 311 1522 407 1584; x_wconf 93' lang='lat' dir='ltr'>porro</span> <span class='ocrx_word' id='word_1_68' title='bbox 431 1503 621 1580; x_wconf 86' lang='lat' dir='ltr'>dubitamus,</span> <span class='ocrx_word' id='word_1_69' title='bbox 644 1504 718 1587; x_wconf 91' lang='lat' dir='ltr'>quin</span> <span class='ocrx_word' id='word_1_70' title='bbox 740 1502 925 1583; x_wconf 88' lang='lat' dir='ltr'>Geppertius</span> <span class='ocrx_word' id='word_1_71' title='bbox 947 1501 979 1584; x_wconf 82' lang='grc'>(1.</span> <span class='ocrx_word' id='word_1_72' title='bbox 1003 1503 1022 1567; x_wconf 85' lang='lat' dir='ltr'>i.</span> <span class='ocrx_word' id='word_1_73' title='bbox 1042 1521 1076 1589; x_wconf 87' lang='lat' dir='ltr'>p.</span> <span class='ocrx_word' id='word_1_74' title='bbox 1092 1503 1146 1580; x_wconf 77' lang='lat'>45)</span> <span class='ocrx_word' id='word_1_75' title='bbox 1168 1501 1257 1565; x_wconf 83' lang='lat' dir='ltr'>Anti·</span> 
     </span>
     <span class='ocr_line' id='line_1_12' title="bbox 94 1600 1258 1683; baseline -0.003 -17"><span class='ocrx_word' id='word_1_76' title='bbox 94 1619 211 1682; x_wconf 83' lang='lat' dir='ltr'>gonem</span> <span class='ocrx_word' id='word_1_77' title='bbox 238 1621 294 1683; x_wconf 92' lang='lat' dir='ltr'>per</span> <span class='ocrx_word' id='word_1_78' title='bbox 324 1603 515 1667; x_wconf 86' lang='lat' dir='ltr'>orchestram</span> <span class='ocrx_word' id='word_1_79' title='bbox 544 1602 583 1666; x_wconf 87' lang='lat' dir='ltr'>ad</span> <span class='ocrx_word' id='word_1_80' title='bbox 614 1608 747 1667; x_wconf 88' lang='lat' dir='ltr'>mortem</span> <span class='ocrx_word' id='word_1_81' title='bbox 777 1603 943 1667; x_wconf 90' lang='lat' dir='ltr'>abductam</span> <span class='ocrx_word' id='word_1_82' title='bbox 974 1602 1070 1666; x_wconf 84' lang='lat' dir='ltr'>tuisse</span> <span class='ocrx_word' id='word_1_83' title='bbox 1101 1610 1183 1666; x_wconf 87' lang='lat' dir='ltr'>recte</span> <span class='ocrx_word' id='word_1_84' title='bbox 1206 1600 1258 1664; x_wconf 89' lang='lat' dir='ltr'>de-</span> 
     </span>
     <span class='ocr_line' id='line_1_13' title="bbox 94 1701 1165 1767; baseline -0.001 -2"><span class='ocrx_word' id='word_1_85' title='bbox 94 1702 328 1767; x_wconf 89' lang='lat' dir='ltr'>monstraverit.</span> <span class='ocrx_word' id='word_1_86' title='bbox 369 1701 449 1767; x_wconf 88' lang='lat' dir='ltr'>Nam</span> <span class='ocrx_word' id='word_1_87' title='bbox 474 1703 534 1767; x_wconf 87' lang='lat' dir='ltr'>iam</span> <span class='ocrx_word' id='word_1_88' title='bbox 559 1722 587 1767; x_wconf 85' lang='grc'>1.</span> <span class='ocrx_word' id='word_1_89' title='bbox 609 1706 669 1766; x_wconf 82' lang='lat'>885</span> <span class='ocrx_word' id='word_1_90' title='bbox 696 1701 795 1767; x_wconf 87' lang='lat' dir='ltr'>Creon</span> <span class='ocrx_word' id='word_1_91' title='bbox 819 1701 1165 1767; x_wconf 81' lang='lat' dir='ltr'>ministrosadmonet:</span> 
     </span>
    </p>

    <p class='ocr_par' dir='ltr' id='par_1_8' title="bbox 94 1799 1258 2289">
     <span class='ocr_line' id='line_1_14' title="bbox 221 1799 620 1882; baseline 0.003 -18"><span class='ocrx_word' id='word_1_92' title='bbox 221 1800 277 1864; x_wconf 77' lang='grc' dir='ltr'>οὐκ</span> <span class='ocrx_word' id='word_1_93' title='bbox 298 1799 395 1877; x_wconf 67' lang='grc' dir='ltr'><em>ἄξεθ’</em></span> <span class='ocrx_word' id='word_1_94' title='bbox 417 1802 457 1876; x_wconf 67' lang='grc' dir='ltr'>οἷς</span> <span class='ocrx_word' id='word_1_95' title='bbox 479 1801 620 1882; x_wconf 80' lang='grc' dir='ltr'><em>τοὶχιστο</em></span> 
     </span>
     <span class='ocr_line' id='line_1_15' title="bbox 95 1901 1258 1985; baseline 0 -21"><span class='ocrx_word' id='word_1_96' title='bbox 95 1909 194 1985; x_wconf 89' lang='lat' dir='ltr'>atque</span> <span class='ocrx_word' id='word_1_97' title='bbox 215 1903 416 1982; x_wconf 83' lang='lat' dir='ltr'>gravissimas</span> <span class='ocrx_word' id='word_1_98' title='bbox 452 1903 488 1966; x_wconf 94' lang='lat' dir='ltr'>iis</span> <span class='ocrx_word' id='word_1_99' title='bbox 510 1903 673 1967; x_wconf 86' lang='lat' dir='ltr'>minitatur</span> <span class='ocrx_word' id='word_1_100' title='bbox 694 1921 813 1984; x_wconf 89' lang='lat' dir='ltr'>poenas</span> <span class='ocrx_word' id='word_1_101' title='bbox 835 1904 881 1985; x_wconf 88' lang='lat' dir='ltr'>(v.</span> <span class='ocrx_word' id='word_1_102' title='bbox 904 1904 986 1983; x_wconf 83' lang='grc'>931),</span> <span class='ocrx_word' id='word_1_103' title='bbox 1014 1902 1073 1965; x_wconf 90' lang='lat' dir='ltr'>nisi</span> <span class='ocrx_word' id='word_1_104' title='bbox 1103 1901 1181 1965; x_wconf 88' lang='lat' dir='ltr'>iiiico</span> <span class='ocrx_word' id='word_1_105' title='bbox 1202 1901 1258 1964; x_wconf 92' lang='lat' dir='ltr'>im·</span> 
     </span>
     <span class='ocr_line' id='line_1_16' title="bbox 94 2001 1257 2083; baseline -0.002 -18"><span class='ocrx_word' id='word_1_106' title='bbox 94 2008 209 2081; x_wconf 90' lang='lat' dir='ltr'>perata</span> <span class='ocrx_word' id='word_1_107' title='bbox 229 2001 356 2066; x_wconf 86' lang='lat' dir='ltr'>iaciant.</span> <span class='ocrx_word' id='word_1_108' title='bbox 399 2001 512 2067; x_wconf 90' lang='lat' dir='ltr'>Verum</span> <span class='ocrx_word' id='word_1_109' title='bbox 542 2008 646 2066; x_wconf 91' lang='lat' dir='ltr'>tamen</span> <span class='ocrx_word' id='word_1_110' title='bbox 672 2004 703 2066; x_wconf 89' lang='lat' dir='ltr'>in</span> <span class='ocrx_word' id='word_1_111' title='bbox 725 2003 913 2083; x_wconf 82' lang='lat' dir='ltr'>egrediendo</span> <span class='ocrx_word' id='word_1_112' title='bbox 941 2002 1035 2066; x_wconf 90' lang='lat' dir='ltr'>etiam</span> <span class='ocrx_word' id='word_1_113' title='bbox 1067 2020 1121 2066; x_wconf 87' lang='lat' dir='ltr'>sex</span> <span class='ocrx_word' id='word_1_114' title='bbox 1149 2018 1257 2064; x_wconf 85' lang='lat' dir='ltr'>versus</span> 
     </span>
     <span class='ocr_line' id='line_1_17' title="bbox 95 2102 1257 2182; baseline -0.002 -17"><span class='ocrx_word' id='word_1_115' title='bbox 95 2103 158 2180; x_wconf 92' lang='lat' dir='ltr'><strong>(vv.</strong></span> <span class='ocrx_word' id='word_1_116' title='bbox 172 2102 714 2182; x_wconf 48' lang='lat' dir='ltr'>{tib-42)pronuntianshntigone</span> <span class='ocrx_word' id='word_1_117' title='bbox 735 2103 857 2182; x_wconf 87' lang='lat' dir='ltr'>patriae</span> <span class='ocrx_word' id='word_1_118' title='bbox 879 2102 949 2166; x_wconf 92' lang='lat' dir='ltr'>urbi</span> <span class='ocrx_word' id='word_1_119' title='bbox 974 2102 1041 2165; x_wconf 88' lang='lat' dir='ltr'>vale</span> <span class='ocrx_word' id='word_1_120' title='bbox 1065 2102 1139 2165; x_wconf 91' lang='lat' dir='ltr'>dicit</span> <span class='ocrx_word' id='word_1_121' title='bbox 1161 2112 1257 2182; x_wconf 90' lang='lat' dir='ltr'>atque</span> 
     </span>
     <span class='ocr_line' id='line_1_18' title="bbox 94 2201 1257 2289; baseline 0 -25"><span class='ocrx_word' id='word_1_122' title='bbox 94 2202 134 2264; x_wconf 91' lang='lat' dir='ltr'>ad</span> <span class='ocrx_word' id='word_1_123' title='bbox 158 2202 244 2266; x_wconf 87' lang='lat' dir='ltr'>chori</span> <span class='ocrx_word' id='word_1_124' title='bbox 268 2210 357 2266; x_wconf 87' lang='lat' dir='ltr'>senes</span> <span class='ocrx_word' id='word_1_125' title='bbox 379 2208 536 2282; x_wconf 90' lang='lat' dir='ltr'>postrema</span> <span class='ocrx_word' id='word_1_126' title='bbox 558 2202 653 2266; x_wconf 89' lang='lat' dir='ltr'>verba</span> <span class='ocrx_word' id='word_1_127' title='bbox 676 2202 824 2289; x_wconf 83' lang='lat' dir='ltr'>loquitur.</span> <span class='ocrx_word' id='word_1_128' title='bbox 869 2201 1013 2267; x_wconf 87' lang='lat' dir='ltr'>Ceterum</span> <span class='ocrx_word' id='word_1_129' title='bbox 1032 2208 1139 2265; x_wconf 90' lang='lat' dir='ltr'>nostra</span> <span class='ocrx_word' id='word_1_130' title='bbox 1153 2201 1257 2282; x_wconf 87' lang='lat' dir='ltr'>opinio</span> 
     </span>
    </p>
   </div>
   <div class='ocr_carea' id='block_1_5' title="bbox 94 2300 1389 2385">
    <p class='ocr_par' dir='ltr' id='par_1_9' title="bbox 94 2300 1389 2385">
     <span class='ocr_line' id='line_1_19' title="bbox 94 2300 1389 2385; baseline -0.002 -20"><span class='ocrx_word' id='word_1_131' title='bbox 94 2320 130 2365; x_wconf 89' lang='lat' dir='ltr'>eo</span> <span class='ocrx_word' id='word_1_132' title='bbox 154 2305 235 2367; x_wconf 92' lang='lat' dir='ltr'>bene</span> <span class='ocrx_word' id='word_1_133' title='bbox 256 2302 399 2382; x_wconf 85' lang='lat' dir='ltr'>fulcitur,</span> <span class='ocrx_word' id='word_1_134' title='bbox 427 2303 511 2385; x_wconf 87' lang='lat' dir='ltr'>qnod</span> <span class='ocrx_word' id='word_1_135' title='bbox 534 2304 692 2384; x_wconf 90' lang='lat' dir='ltr'>nuntium,</span> <span class='ocrx_word' id='word_1_136' title='bbox 716 2304 821 2385; x_wconf 83' lang='lat' dir='ltr'>quir.</span> <span class='ocrx_word' id='word_1_137' title='bbox 847 2307 924 2365; x_wconf 79' lang='lat'>1155</span> <span class='ocrx_word' id='word_1_138' title='bbox 948 2302 1054 2365; x_wconf 90' lang='lat' dir='ltr'>eodem</span> <span class='ocrx_word' id='word_1_139' title='bbox 1077 2320 1114 2364; x_wconf 87' lang='lat' dir='ltr'>ex</span> <span class='ocrx_word' id='word_1_140' title='bbox 1137 2301 1203 2364; x_wconf 90' lang='lat' dir='ltr'>loco</span> <span class='ocrx_word' id='word_1_141' title='bbox 1223 2300 1256 2363; x_wconf 91' lang='lat' dir='ltr'>in</span> <span class='ocrx_word' id='word_1_142' title='bbox 1288 2370 1293 2375; x_wconf 46' lang='grc'>,</span> <span class='ocrx_word' id='word_1_143' title='bbox 1387 2329 1389 2333; x_wconf 26' lang='lat' dir='ltr'>r</span> 
     </span>
    </p>
   </div>
   <div class='ocr_carea' id='block_1_6' title="bbox 18 2400 1256 3587">
    <p class='ocr_par' dir='ltr' id='par_1_10' title="bbox 93 2400 1256 2787">
     <span class='ocr_line' id='line_1_20' title="bbox 93 2400 1255 2484; baseline -0.002 -19"><span class='ocrx_word' id='word_1_144' title='bbox 93 2420 188 2484; x_wconf 91' lang='lat' dir='ltr'>quem</span> <span class='ocrx_word' id='word_1_145' title='bbox 207 2401 259 2465; x_wconf 88' lang='lat' dir='ltr'>iiia</span> <span class='ocrx_word' id='word_1_146' title='bbox 273 2402 409 2466; x_wconf 89' lang='lat' dir='ltr'>abducta</span> <span class='ocrx_word' id='word_1_147' title='bbox 425 2410 473 2466; x_wconf 90' lang='lat' dir='ltr'>est</span> <span class='ocrx_word' id='word_1_148' title='bbox 494 2401 630 2483; x_wconf 88' lang='lat' dir='ltr'>advenit,</span> <span class='ocrx_word' id='word_1_149' title='bbox 651 2421 708 2483; x_wconf 92' lang='lat' dir='ltr'>per</span> <span class='ocrx_word' id='word_1_150' title='bbox 722 2404 881 2467; x_wconf 83' lang='lat' dir='ltr'>sinistram</span> <span class='ocrx_word' id='word_1_151' title='bbox 899 2401 1050 2483; x_wconf 87' lang='lat' dir='ltr'>parodum</span> <span class='ocrx_word' id='word_1_152' title='bbox 1067 2400 1255 2464; x_wconf 85' lang='lat' dir='ltr'>orchestram</span> 
     </span>
     <span class='ocr_line' id='line_1_21' title="bbox 94 2500 1256 2586; baseline -0.003 -21"><span class='ocrx_word' id='word_1_153' title='bbox 94 2503 231 2566; x_wconf 86' lang='lat' dir='ltr'>intrasse</span> <span class='ocrx_word' id='word_1_154' title='bbox 253 2502 310 2567; x_wconf 92' lang='lat' dir='ltr'>viri</span> <span class='ocrx_word' id='word_1_155' title='bbox 325 2502 665 2568; x_wconf 83' lang='lat' dir='ltr'>simillimomvidotur.</span> <span class='ocrx_word' id='word_1_156' title='bbox 708 2502 817 2586; x_wconf 89' lang='lat' dir='ltr'>Neque</span> <span class='ocrx_word' id='word_1_157' title='bbox 833 2502 912 2566; x_wconf 91' lang='lat' dir='ltr'>enim</span> <span class='ocrx_word' id='word_1_158' title='bbox 928 2502 989 2566; x_wconf 87' lang='lat' dir='ltr'>ulto</span> <span class='ocrx_word' id='word_1_159' title='bbox 1005 2502 1095 2566; x_wconf 92' lang='lat' dir='ltr'>modo</span> <span class='ocrx_word' id='word_1_160' title='bbox 1110 2500 1256 2580; x_wconf 87' lang='lat' dir='ltr'>explicari</span> 
     </span>
     <span class='ocr_line' id='line_1_22' title="bbox 93 2602 1255 2685; baseline -0.003 -18"><span class='ocrx_word' id='word_1_161' title='bbox 93 2609 216 2683; x_wconf 91' lang='lat' dir='ltr'>potest,</span> <span class='ocrx_word' id='word_1_162' title='bbox 239 2603 321 2666; x_wconf 90' lang='lat' dir='ltr'>unde</span> <span class='ocrx_word' id='word_1_163' title='bbox 341 2602 456 2667; x_wconf 88' lang='lat' dir='ltr'>iactum</span> <span class='ocrx_word' id='word_1_164' title='bbox 478 2605 529 2681; x_wconf 93' lang='lat' dir='ltr'>sit,</span> <span class='ocrx_word' id='word_1_165' title='bbox 552 2612 587 2668; x_wconf 89' lang='lat' dir='ltr'>ut</span> <span class='ocrx_word' id='word_1_166' title='bbox 607 2604 761 2685; x_wconf 85' lang='lat' dir='ltr'>Eurydice</span> <span class='ocrx_word' id='word_1_167' title='bbox 782 2622 820 2667; x_wconf 86' lang='lat' dir='ltr'>ex</span> <span class='ocrx_word' id='word_1_168' title='bbox 842 2604 931 2667; x_wconf 91' lang='lat' dir='ltr'>domo</span> <span class='ocrx_word' id='word_1_169' title='bbox 952 2604 1154 2684; x_wconf 82' lang='lat' dir='ltr'>progrediens</span> <span class='ocrx_word' id='word_1_170' title='bbox 1176 2620 1255 2664; x_wconf 90' lang='lat' dir='ltr'>nun·</span> 
     </span>
     <span class='ocr_line' id='line_1_23' title="bbox 94 2702 843 2787; baseline 0.001 -20"><span class='ocrx_word' id='word_1_171' title='bbox 94 2704 172 2767; x_wconf 87' lang='lat' dir='ltr'>tium</span> <span class='ocrx_word' id='word_1_172' title='bbox 193 2703 285 2784; x_wconf 89' lang='lat' dir='ltr'>plane</span> <span class='ocrx_word' id='word_1_173' title='bbox 304 2702 449 2783; x_wconf 82' lang='lat' dir='ltr'>neglegat</span> <span class='ocrx_word' id='word_1_174' title='bbox 467 2710 500 2768; x_wconf 90' lang='lat' dir='ltr'>et</span> <span class='ocrx_word' id='word_1_175' title='bbox 520 2722 558 2768; x_wconf 87' lang='lat' dir='ltr'>err</span> <span class='ocrx_word' id='word_1_176' title='bbox 580 2704 672 2768; x_wconf 89' lang='lat' dir='ltr'>choro</span> <span class='ocrx_word' id='word_1_177' title='bbox 694 2712 843 2787; x_wconf 90' lang='lat' dir='ltr'>quaerat:</span> 
     </span>
    </p>

    <p class='ocr_par' dir='ltr' id='par_1_11' title="bbox 91 2793 1254 3089">
     <span class='ocr_line' id='line_1_24' title="bbox 216 2793 1080 2891; baseline 0.001 -25"><span class='ocrx_word' id='word_1_178' title='bbox 216 2803 284 2866; x_wconf 71' lang='grc' dir='ltr'>ἀλλ’</span> <span class='ocrx_word' id='word_1_179' title='bbox 308 2801 397 2878; x_wconf 72' lang='grc' dir='ltr'><strong><em>ὅστις</em></strong></span> <span class='ocrx_word' id='word_1_180' title='bbox 417 2793 458 2891; x_wconf 73' lang='grc' dir='ltr'>ἧν</span> <span class='ocrx_word' id='word_1_181' title='bbox 482 2805 501 2867; x_wconf 84' lang='grc' dir='ltr'><em>ό</em></span> <span class='ocrx_word' id='word_1_182' title='bbox 522 2808 628 2886; x_wconf 68' lang='grc' dir='ltr'><em>μῦθος</em></span> <span class='ocrx_word' id='word_1_183' title='bbox 649 2795 750 2878; x_wconf 68' lang='grc' dir='ltr'><strong><em>αὖθις</em></strong></span> <span class='ocrx_word' id='word_1_184' title='bbox 771 2801 888 2866; x_wconf 79' lang='grc' dir='ltr'><em>εἴπατε</em></span> <span class='ocrx_word' id='word_1_185' title='bbox 910 2806 954 2882; x_wconf 87' lang='lat' dir='ltr'>(v.</span> <span class='ocrx_word' id='word_1_186' title='bbox 981 2806 1080 2886; x_wconf 82' lang='lat'>1190),</span> 
     </span>
     <span class='ocr_line' id='line_1_25' title="bbox 93 2903 1254 2983; baseline 0 -17"><span class='ocrx_word' id='word_1_187' title='bbox 93 2905 153 2968; x_wconf 90' lang='lat' dir='ltr'>nisi</span> <span class='ocrx_word' id='word_1_188' title='bbox 181 2922 251 2968; x_wconf 92' lang='lat' dir='ltr'>eum</span> <span class='ocrx_word' id='word_1_189' title='bbox 284 2905 315 2968; x_wconf 92' lang='lat' dir='ltr'>in</span> <span class='ocrx_word' id='word_1_190' title='bbox 345 2904 505 2970; x_wconf 87' lang='lat' dir='ltr'>orchestra</span> <span class='ocrx_word' id='word_1_191' title='bbox 533 2912 690 2970; x_wconf 90' lang='lat' dir='ltr'>versatum</span> <span class='ocrx_word' id='word_1_192' title='bbox 720 2913 786 2969; x_wconf 91' lang='lat' dir='ltr'>tnm</span> <span class='ocrx_word' id='word_1_193' title='bbox 816 2906 939 2983; x_wconf 76' lang='lat' dir='ltr'>logeum</span> <span class='ocrx_word' id='word_1_194' title='bbox 970 2905 1146 2969; x_wconf 89' lang='lat' dir='ltr'>ascendisse</span> <span class='ocrx_word' id='word_1_195' title='bbox 1175 2903 1254 2968; x_wconf 90' lang='lat' dir='ltr'>acci-</span> 
     </span>
     <span class='ocr_line' id='line_1_26' title="bbox 91 3003 868 3089; baseline 0.004 -22"><span class='ocrx_word' id='word_1_196' title='bbox 91 3005 214 3085; x_wconf 90' lang='lat' dir='ltr'>piamus</span> <span class='ocrx_word' id='word_1_197' title='bbox 237 3022 304 3069; x_wconf 91' lang='lat' dir='ltr'>cum</span> <span class='ocrx_word' id='word_1_198' title='bbox 325 3005 462 3084; x_wconf 78' lang='lat' dir='ltr'>reginam</span> <span class='ocrx_word' id='word_1_199' title='bbox 486 3005 678 3089; x_wconf 84' lang='lat' dir='ltr'>alloquitur:</span> <span class='ocrx_word' id='word_1_200' title='bbox 866 3003 868 3007; x_wconf 77' lang='grc'><strong>’</strong></span> 
     </span>
    </p>

    <p class='ocr_par' dir='ltr' id='par_1_12' title="bbox 215 3104 974 3192">
     <span class='ocr_line' id='line_1_27' title="bbox 215 3104 974 3192; baseline 0.008 -25"><span class='ocrx_word' id='word_1_201' title='bbox 215 3104 286 3186; x_wconf 64' lang='grc' dir='ltr'>ἐγώ,</span> <span class='ocrx_word' id='word_1_202' title='bbox 310 3105 386 3192; x_wconf 70' lang='grc' dir='ltr'>φιλο)</span> <span class='ocrx_word' id='word_1_203' title='bbox 408 3106 578 3184; x_wconf 75' lang='grc' dir='ltr'><em>δέσποινα,</em></span> <span class='ocrx_word' id='word_1_204' title='bbox 600 3107 790 3187; x_wconf 70' lang='lat' dir='ltr'>salaconis</span> <span class='ocrx_word' id='word_1_205' title='bbox 813 3108 884 3187; x_wconf 81' lang='grc' dir='ltr'>ἐρῶ,</span> <span class='ocrx_word' id='word_1_206' title='bbox 967 3148 974 3173; x_wconf 69' lang='grc' dir='ltr'>ι</span> 
     </span>
    </p>

    <p class='ocr_par' dir='ltr' id='par_1_13' title="bbox 18 3204 1253 3587">
     <span class='ocr_line' id='line_1_28' title="bbox 214 3204 1100 3291; baseline -0.001 -24"><span class='ocrx_word' id='word_1_207' title='bbox 214 3205 331 3268; x_wconf 77' lang='grc' dir='ltr'>κούδὲν</span> <span class='ocrx_word' id='word_1_208' title='bbox 354 3204 493 3291; x_wconf 81' lang='grc' dir='ltr'><em>παρήσω</em></span> <span class='ocrx_word' id='word_1_209' title='bbox 514 3209 570 3291; x_wconf 77' lang='grc' dir='ltr'>τῆς</span> <span class='ocrx_word' id='word_1_210' title='bbox 591 3207 749 3289; x_wconf 67' lang='grc' dir='ltr'><em>οἷληόείος</em></span> <span class='ocrx_word' id='word_1_211' title='bbox 771 3209 858 3280; x_wconf 78' lang='grc' dir='ltr'><em>ἔπος.</em></span> <span class='ocrx_word' id='word_1_212' title='bbox 881 3211 923 3285; x_wconf 84' lang='lat' dir='ltr'>(v.</span> <span class='ocrx_word' id='word_1_213' title='bbox 946 3207 1025 3269; x_wconf 75' lang='lat'>1192</span> <span class='ocrx_word' id='word_1_214' title='bbox 1037 3204 1100 3285; x_wconf 83' lang='lat' dir='ltr'>sq.)</span> 
     </span>
     <span class='ocr_line' id='line_1_29' title="bbox 93 3301 1253 3388; baseline -0.003 -19"><span class='ocrx_word' id='word_1_215' title='bbox 93 3303 161 3382; x_wconf 88' lang='lat' dir='ltr'>Quo</span> <span class='ocrx_word' id='word_1_216' title='bbox 185 3305 390 3370; x_wconf 89' lang='lat' dir='ltr'>modoetiam</span> <span class='ocrx_word' id='word_1_217' title='bbox 413 3307 529 3372; x_wconf 89' lang='lat' dir='ltr'>clarum</span> <span class='ocrx_word' id='word_1_218' title='bbox 551 3307 597 3387; x_wconf 91' lang='lat' dir='ltr'>fit,</span> <span class='ocrx_word' id='word_1_219' title='bbox 617 3325 671 3371; x_wconf 92' lang='lat' dir='ltr'>cur</span> <span class='ocrx_word' id='word_1_220' title='bbox 692 3307 830 3385; x_wconf 89' lang='lat' dir='ltr'>nuntius,</span> <span class='ocrx_word' id='word_1_221' title='bbox 858 3312 1026 3388; x_wconf 87' lang='lat' dir='ltr'>antequam</span> <span class='ocrx_word' id='word_1_222' title='bbox 1049 3321 1126 3384; x_wconf 88' lang='lat' dir='ltr'>prae</span> <span class='ocrx_word' id='word_1_223' title='bbox 1139 3301 1253 3366; x_wconf 89' lang='lat' dir='ltr'>ceteris</span> 
     </span>
     <span class='ocr_line' id='line_1_30' title="bbox 92 3404 1253 3491; baseline 0 -25"><span class='ocrx_word' id='word_1_224' title='bbox 92 3405 230 3483; x_wconf 87' lang='lat' dir='ltr'>reginam</span> <span class='ocrx_word' id='word_1_225' title='bbox 254 3405 292 3469; x_wconf 93' lang='lat' dir='ltr'>de</span> <span class='ocrx_word' id='word_1_226' title='bbox 313 3405 483 3485; x_wconf 84' lang='lat' dir='ltr'>Antigones</span> <span class='ocrx_word' id='word_1_227' title='bbox 504 3407 733 3491; x_wconf 90' lang='lat' dir='ltr'>Haemonisque</span> <span class='ocrx_word' id='word_1_228' title='bbox 762 3408 846 3471; x_wconf 86' lang='lat' dir='ltr'>exitu</span> <span class='ocrx_word' id='word_1_229' title='bbox 870 3407 1031 3472; x_wconf 86' lang='lat' dir='ltr'>certiorem</span> <span class='ocrx_word' id='word_1_230' title='bbox 1059 3404 1160 3468; x_wconf 89' lang='lat' dir='ltr'>facere</span> <span class='ocrx_word' id='word_1_231' title='bbox 1182 3421 1253 3484; x_wconf 91' lang='lat' dir='ltr'>pro-</span> 
     </span>
     <span class='ocr_line' id='line_1_31' title="bbox 18 3504 1050 3587; baseline -0.002 -17"><span class='ocrx_word' id='word_1_232' title='bbox 18 3507 19 3570; x_wconf 82' lang='grc' dir='ltr'>Ϊ</span> <span class='ocrx_word' id='word_1_233' title='bbox 93 3511 190 3583; x_wconf 89' lang='lat' dir='ltr'>peret,</span> <span class='ocrx_word' id='word_1_234' title='bbox 211 3504 323 3584; x_wconf 86' lang='lat' dir='ltr'>viginti</span> <span class='ocrx_word' id='word_1_235' title='bbox 345 3513 497 3585; x_wconf 89' lang='lat' dir='ltr'>quattuor</span> <span class='ocrx_word' id='word_1_236' title='bbox 518 3524 627 3571; x_wconf 89' lang='lat' dir='ltr'>versus</span> <span class='ocrx_word' id='word_1_237' title='bbox 644 3508 684 3571; x_wconf 89' lang='lat' dir='ltr'>ad</span> <span class='ocrx_word' id='word_1_238' title='bbox 706 3505 833 3571; x_wconf 89' lang='lat' dir='ltr'>chorum</span> <span class='ocrx_word' id='word_1_239' title='bbox 855 3506 1050 3587; x_wconf 75' lang='lat' dir='ltr'>loquatur1).</span> 
     </span>
    </p>
   </div>
   <div class='ocr_carea' id='block_1_7' title="bbox 18 3620 1253 3803">
    <p class='ocr_par' dir='ltr' id='par_1_14' title="bbox 18 3620 1253 3803">
     <span class='ocr_line' id='line_1_32' title="bbox 18 3620 1253 3708; baseline -0.003 -23"><span class='ocrx_word' id='word_1_240' title='bbox 18 3683 19 3708; x_wconf 62' lang='grc'>,</span> <span class='ocrx_word' id='word_1_241' title='bbox 173 3620 306 3701; x_wconf 88' lang='lat' dir='ltr'>Saepius</span> <span class='ocrx_word' id='word_1_242' title='bbox 332 3622 504 3687; x_wconf 89' lang='lat' dir='ltr'>invenimus</span> <span class='ocrx_word' id='word_1_243' title='bbox 529 3624 709 3688; x_wconf 90' lang='lat' dir='ltr'>orchestrae</span> <span class='ocrx_word' id='word_1_244' title='bbox 737 3625 802 3688; x_wconf 91' lang='lat' dir='ltr'>vias</span> <span class='ocrx_word' id='word_1_245' title='bbox 833 3629 974 3704; x_wconf 90' lang='lat' dir='ltr'>spectare</span> <span class='ocrx_word' id='word_1_246' title='bbox 1001 3622 1044 3685; x_wconf 91' lang='lat' dir='ltr'>ad</span> <span class='ocrx_word' id='word_1_247' title='bbox 1067 3621 1134 3684; x_wconf 90' lang='lat' dir='ltr'>loca</span> <span class='ocrx_word' id='word_1_248' title='bbox 1156 3637 1253 3682; x_wconf 90' lang='lat' dir='ltr'>remo—</span> 
     </span>
     <span class='ocr_line' id='line_1_33' title="bbox 18 3715 1253 3803; baseline 0.002 -23"><span class='ocrx_word' id='word_1_249' title='bbox 18 3715 19 3728; x_wconf 58' lang='lat'><em>*</em></span> <span class='ocrx_word' id='word_1_250' title='bbox 94 3717 174 3782; x_wconf 89' lang='lat' dir='ltr'>tiora</span> <span class='ocrx_word' id='word_1_251' title='bbox 204 3720 243 3783; x_wconf 93' lang='lat' dir='ltr'>ab</span> <span class='ocrx_word' id='word_1_252' title='bbox 273 3720 351 3785; x_wconf 89' lang='lat' dir='ltr'>urbe</span> <span class='ocrx_word' id='word_1_253' title='bbox 378 3722 425 3785; x_wconf 88' lang='lat' dir='ltr'>vel</span> <span class='ocrx_word' id='word_1_254' title='bbox 458 3722 548 3786; x_wconf 93' lang='lat' dir='ltr'>domo</span> <span class='ocrx_word' id='word_1_255' title='bbox 582 3724 665 3802; x_wconf 81' lang='lat' dir='ltr'>regia</span> <span class='ocrx_word' id='word_1_256' title='bbox 695 3741 787 3803; x_wconf 90' lang='lat' dir='ltr'>qnam</span> <span class='ocrx_word' id='word_1_257' title='bbox 818 3724 850 3786; x_wconf 89' lang='lat' dir='ltr'>in</span> <span class='ocrx_word' id='word_1_258' title='bbox 880 3740 991 3786; x_wconf 88' lang='lat' dir='ltr'>scaena</span> <span class='ocrx_word' id='word_1_259' title='bbox 1022 3718 1253 3800; x_wconf 88' lang='lat' dir='ltr'>conspiciebant</span> 
     </span>
    </p>
   </div>
   <div class='ocr_carea' id='block_1_8' title="bbox 94 3820 1304 3903">
    <p class='ocr_par' dir='ltr' id='par_1_15' title="bbox 94 3820 1304 3903">
     <span class='ocr_line' id='line_1_34' title="bbox 94 3820 1304 3903; baseline 0.001 -23"><span class='ocrx_word' id='word_1_260' title='bbox 94 3824 302 3897; x_wconf 74' lang='lat' dir='ltr'>spectatorem,</span> <span class='ocrx_word' id='word_1_261' title='bbox 334 3827 370 3884; x_wconf 90' lang='lat' dir='ltr'>ut</span> <span class='ocrx_word' id='word_1_262' title='bbox 397 3824 428 3885; x_wconf 91' lang='lat' dir='ltr'>io</span> <span class='ocrx_word' id='word_1_263' title='bbox 452 3821 596 3903; x_wconf 87' lang='lat' dir='ltr'>Aeschyli</span> <span class='ocrx_word' id='word_1_264' title='bbox 617 3824 778 3903; x_wconf 88' lang='lat' dir='ltr'>Septem</span> <span class='ocrx_word' id='word_1_265' title='bbox 809 3840 938 3886; x_wconf 89' lang='lat' dir='ltr'>scaenae</span> <span class='ocrx_word' id='word_1_266' title='bbox 960 3822 1064 3885; x_wconf 88' lang='lat' dir='ltr'>aditus</span> <span class='ocrx_word' id='word_1_267' title='bbox 1092 3820 1131 3883; x_wconf 91' lang='lat' dir='ltr'>ad</span> <span class='ocrx_word' id='word_1_268' title='bbox 1154 3822 1251 3901; x_wconf 87' lang='lat' dir='ltr'>ipsam</span> <span class='ocrx_word' id='word_1_269' title='bbox 1302 3844 1304 3848; x_wconf 58' lang='grc'>’</span> 
     </span>
    </p>
   </div>
   <div class='ocr_carea' id='block_1_9' title="bbox 96 3917 1253 4004">
    <p class='ocr_par' dir='ltr' id='par_1_16' title="bbox 96 3917 1253 4004">
     <span class='ocr_line' id='line_1_35' title="bbox 96 3917 1253 4004; baseline 0.002 -24"><span class='ocrx_word' id='word_1_270' title='bbox 96 3917 202 3982; x_wconf 92' lang='lat' dir='ltr'>urbem</span> <span class='ocrx_word' id='word_1_271' title='bbox 227 3919 415 4001; x_wconf 88' lang='lat' dir='ltr'>Thebarum,</span> <span class='ocrx_word' id='word_1_272' title='bbox 446 3922 625 3987; x_wconf 87' lang='lat' dir='ltr'>orchestrae</span> <span class='ocrx_word' id='word_1_273' title='bbox 653 3923 789 4004; x_wconf 91' lang='lat' dir='ltr'>parodos</span> <span class='ocrx_word' id='word_1_274' title='bbox 819 3922 859 3986; x_wconf 91' lang='lat' dir='ltr'>ad</span> <span class='ocrx_word' id='word_1_275' title='bbox 884 3929 1003 4002; x_wconf 83' lang='lat' dir='ltr'>septem</span> <span class='ocrx_word' id='word_1_276' title='bbox 1032 3921 1117 3985; x_wconf 91' lang='lat' dir='ltr'>urbis</span> <span class='ocrx_word' id='word_1_277' title='bbox 1145 3928 1253 4000; x_wconf 91' lang='lat' dir='ltr'>portas</span> 
     </span>
    </p>
   </div>
   <div class='ocr_carea' id='block_1_10' title="bbox 94 4162 1252 4325">
    <p class='ocr_par' dir='ltr' id='par_1_17' title="bbox 94 4162 1252 4325">
     <span class='ocr_line' id='line_1_36' title="bbox 161 4162 1252 4238; baseline 0.004 -23"><span class='ocrx_word' id='word_1_278' title='bbox 161 4162 186 4231; x_wconf 90' lang='grc'>1)</span> <span class='ocrx_word' id='word_1_279' title='bbox 205 4163 249 4219; x_wconf 90' lang='lat' dir='ltr'>his</span> <span class='ocrx_word' id='word_1_280' title='bbox 268 4166 390 4221; x_wconf 89' lang='lat' dir='ltr'>omnibus</span> <span class='ocrx_word' id='word_1_281' title='bbox 408 4183 468 4221; x_wconf 89' lang='lat' dir='ltr'>cum</span> <span class='ocrx_word' id='word_1_282' title='bbox 487 4167 682 4238; x_wconf 84' lang='lat' dir='ltr'>Geppertio</span> <span class='ocrx_word' id='word_1_283' title='bbox 702 4168 731 4237; x_wconf 82' lang='lat' dir='ltr'>(l.</span> <span class='ocrx_word' id='word_1_284' title='bbox 751 4169 769 4221; x_wconf 91' lang='grc'>1.</span> <span class='ocrx_word' id='word_1_285' title='bbox 787 4184 814 4235; x_wconf 84' lang='grc' dir='ltr'>ρ.</span> <span class='ocrx_word' id='word_1_286' title='bbox 835 4169 877 4234; x_wconf 82' lang='lat'>28)</span> <span class='ocrx_word' id='word_1_287' title='bbox 897 4167 1043 4230; x_wconf 89' lang='lat' dir='ltr'>consentio,</span> <span class='ocrx_word' id='word_1_288' title='bbox 1062 4172 1252 4233; x_wconf 84' lang='lat' dir='ltr'>contraquam</span> 
     </span>
     <span class='ocr_line' id='line_1_37' title="bbox 94 4244 866 4325; baseline 0.01 -25"><span class='ocrx_word' id='word_1_289' title='bbox 94 4244 381 4309; x_wconf 83' lang='lat' dir='ltr'>Schoenbornius</span> <span class='ocrx_word' id='word_1_290' title='bbox 400 4254 437 4323; x_wconf 87' lang='lat' dir='ltr'>(p.</span> <span class='ocrx_word' id='word_1_291' title='bbox 457 4253 501 4323; x_wconf 78' lang='grc'>78)</span> <span class='ocrx_word' id='word_1_292' title='bbox 519 4256 683 4325; x_wconf 88' lang='lat' dir='ltr'>nequiquam</span> <span class='ocrx_word' id='word_1_293' title='bbox 703 4254 866 4323; x_wconf 81' lang='lat' dir='ltr'>disputabat</span> 
     </span>
    </p>
   </div>
   <div class='ocr_carea' id='block_1_11' title="bbox 1467 930 1475 963">
    <p class='ocr_par' dir='ltr' id='par_1_18' title="bbox 1467 930 1475 963">
     <span class='ocr_line' id='line_1_38' title="bbox 1467 930 1475 963; baseline 0 0"><span class='ocrx_word' id='word_1_294' title='bbox 1467 930 1475 963; x_wconf 69' lang='grc'>1</span> 
     </span>
    </p>
   </div>
   <div class='ocr_carea' id='block_1_12' title="bbox 0 0 1618 5200">
    <p class='ocr_par' dir='ltr' id='par_1_19' title="bbox 0 0 1618 5200">
     <span class='ocr_line' id='line_1_39' title="bbox 0 0 1618 5200; baseline 0 1"><span class='ocrx_word' id='word_1_295' title='bbox 0 0 1618 5200; x_wconf 95' lang='lat' dir='ltr'> </span> 
     </span>
    </p>
   </div>
  </div>
 </body>
</html>
