3225 5200
682 492 722 556 43

245 670 292 731 ἔα·

245 771 314 834 dtl'
335 768 515 852 ἐξέπληξας
535 774 568 850 μ’
588 766 680 852 ὄμμα
703 769 912 853 συγκλῄσασα
934 770 993 834 σόν

243 869 408 952 δακρύσας
430 870 458 931 δ’
477 869 631 951 dypdnao’
655 870 933 953 ciproquement

242 971 282 1044 ὠς
303 962 387 1044 εἶδες
407 969 490 1050 oiyroi
514 974 637 1045 Λοξίου
653 969 834 1054 χρηστήρια

120 1070 297 1151 etreliqua,
319 1070 433 1152 quihus
456 1069 571 1135 auditis
592 1070 645 1134 illa
668 1070 751 1151 loqui
773 1071 880 1151 incipit
901 1070 942 1150 (v.
952 1069 1034 1148 257).
1073 1065 1159 1130 Haec
1180 1061 1282 1127 omnia

120 1176 288 1249 procerte
309 1169 468 1234 affirmant
478 1169 627 1234 Creusam
649 1169 758 1234 eadem
779 1171 829 1233 via
844 1168 1057 1250 quachorum‚
1078 1167 1108 1230 in
1121 1161 1282 1228 orchestra

119 1269 246 1349 scilicet,
271 1271 467 1352 apparuisse3
493 1288 593 1353 neque
612 1268 672 1333 alia
693 1270 805 1333 desunt
823 1268 963 1349 exempla
980 1265 1095 1350 quibus
1114 1264 1280 1340 intrantes,

118 1377 287 1450 antequam
312 1371 370 1452 ipsi
403 1371 591 1450 loquuntur,
628 1369 734 1433 multis
770 1367 874 1432 verbis
903 1368 943 1432 ab
969 1368 1006 1431 iis
1034 1368 1085 1447 qui
1114 1364 1144 1427 in
1167 1375 1280 1424 scaena

12 1526 13 1559 3
119 1477 287 1533 versantur
316 1469 511 1546 salutantur,
539 1469 625 1533 unde
650 1470 814 1533 histriones
844 1486 899 1549 per
921 1469 1113 1532 orchestram
1133 1469 1166 1525 et
1186 1475 1281 1540 supra

12 1594 14 1647 l
119 1568 222 1632 scalas
248 1570 307 1632 iter
329 1569 438 1633 fecisse
459 1569 688 1652 comprobatur.
730 1571 836 1650 Atque
857 1569 934 1633 haec
954 1569 1057 1631 Ionis
1075 1562 1182 1628 fabula
1201 1557 1281 1639 opti-

12 1702 14 1737 α
118 1686 200 1731 mum
232 1668 324 1733 huius
355 1669 399 1732 rei
421 1669 553 1749 praebet
575 1669 745 1750 exemplum
775 1687 869 1733 versu
892 1670 950 1732 404
964 1685 1034 1747 sqq:
1053 1681 1116 1745 quo
1138 1659 1279 1727 Xuthum

119 1766 317 1832 accedentem
340 1767 424 1833 videt
446 1767 566 1833 Creusa
587 1769 672 1849 isque
695 1777 765 1833 octo
787 1768 925 1832 versibus
945 1771 1017 1847 post
1036 1781 1132 1847 prope
1153 1775 1280 1825 uxorem

118 1873 274 1947 versatur,
306 1867 377 1931 dum
404 1867 456 1932 illa
482 1869 558 1933 satis
588 1870 735 1949 temporis
756 1868 882 1949 habeat,
903 1873 938 1932 ut
960 1865 999 1930 ab
1022 1864 1097 1928 lone
1118 1866 1217 1942 petat,
1241 1876 1280 1922 ne

117 1985 188 2033 cum
210 1969 324 2031 marito
347 1970 549 2033 communicet
573 1987 653 2049 quae
675 1971 757 2033 iuter
783 1987 818 2033 se
843 1967 986 2033 collocuti
1007 1966 1078 2028 sint.
1121 1961 1229 2040 Neque
1244 1976 1279 2022 eo

118 2066 335 2130 difficultatem
366 2069 483 2131 evitare
510 2069 702 2149 studeamus,
740 2075 773 2133 ut
803 2067 951 2132 Creusam
980 2065 1038 2128 hoc
1067 2062 1126 2126 sibi
1154 2059 1279 2124 linxisse

117 2167 314 2247 accipiamus,
341 2167 393 2247 qui
425 2166 559 2232 Pollucis
590 2169 765 2232 testimonio
783 2166 857 2232 freti
879 2167 936 2231 tali
958 2160 1164 2229 ratiocinandi
1188 2157 1279 2222 modo

117 2267 233 2330 multos
253 2265 426 2330 fabularum
449 2267 532 2332 locos
551 2267 738 2332 collustrare
761 2267 929 2331 valeamus.

200 2365 339 2429 Eandem
363 2366 493 2448 praebet
521 2369 653 2449 speciem
681 2367 826 2448 Oedipi
846 2365 966 2445 Regis
989 2383 1017 2427 v.
1035 2363 1073 2426 78
1091 2379 1153 2442 quo
1175 2377 1279 2422 sacer·

117 2465 176 2528 dos
199 2483 256 2545 per
277 2466 402 2530 chorum
423 2468 537 2530 certior
555 2467 591 2531 lit
614 2465 778 2532 Creontem
793 2466 921 2548 Delphis
936 2463 1107 2546 profectum
1122 2459 1278 2535 advenire,

116 2582 209 2647 quem
240 2573 358 2648 septem
387 2565 509 2631 demum
540 2584 648 2632 versus
679 2574 748 2648 post
778 2565 916 2647 Oedipus
943 2563 1077 2629 salutat:
1099 2558 1279 2641 ξύμμετρος

115 2664 179 2747 γάρ
195 2663 237 2737 (ὃς
251 2663 367 2729 κλύειν.
409 2664 516 2747 Neque
538 2667 682 2749 equidem
700 2667 816 2745 dubito,
837 2667 1026 2747 quinpastur
1044 2679 1135 2744 quem
1154 2678 1181 2720 v.
1199 2660 1278 2723 1110

116 2764 252 2827 ministri
276 2763 426 2828 inducunt
454 2783 510 2846 per
539 2766 677 2829 dextram
709 2766 859 2847 parudum
888 2763 1049 2845 prodierit,
1077 2777 1146 2824 cnm
1166 2775 1277 2821 novem

115 2879 227 2926 versus
248 2862 505 2942 praemittantur,
531 2872 697 2945 antequam
717 2865 769 2928 ille
794 2864 910 2928 actioni
932 2860 1129 2924 admiscetur.
1172 2856 1277 2938 Atque

114 2959 196 3023 idem
219 2960 421 3024 statuendum
435 2969 485 3025 est
504 2962 541 3025 de
564 2962 877 3027 Heraclidarum
903 2981 931 3025 v.
948 2961 989 3023 48
1012 2974 1074 3038 quo
1095 2971 1277 3037 praeconem

114 3075 172 3138 per
194 3057 351 3120 sinistram
374 3058 526 3138 parodum
549 3060 774 3139 ingredientem
796 3059 931 3124 fecerim.

200 3155 237 3217 In
277 3155 422 3238 Oedipi
451 3156 617 3221 Colonei
644 3177 673 3220 v.
696 3163 756 3221 310
785 3159 872 3223 videt
897 3157 1071 3236 Antigone,
1100 3170 1180 3233 quae
1209 3168 1277 3214 cum

113 3258 207 3334 patre
229 3254 261 3315 in
284 3253 372 3333 logeo
395 3263 548 3337 versatur,
576 3255 721 3320 feminam
741 3256 898 3337 quandam
921 3255 1074 3324 Αἰτναίαις
1095 3250 1151 3312 ἐπὶ
1167 3245 1277 3309 πώλου

113 3355 278 3434 βεβῶσαν,
301 3372 392 3433 quam
412 3372 438 3415 v.
451 3354 510 3416 319
527 3353 679 3419 lsmenem
697 3373 834 3419 sororem
855 3354 1007 3434 agnoscit.
1051 3348 1135 3414 Haec
1155 3347 1276 3410 demum

16 3519 17 3522 Ἴ
116 3471 146 3514 v.
164 3453 226 3516 324
254 3452 284 3515 in
315 3469 458 3516 scaenam
485 3455 638 3532 pervenit,
668 3461 705 3516 ut
734 3453 800 3518 luce
823 3453 936 3516 clarius
958 3451 1109 3515 clarescat
1130 3464 1198 3509 eam
1220 3461 1278 3523 per

17 3541 18 3620 ἶ
116 3550 310 3614 orchestram
339 3549 471 3632 equuleo
500 3548 667 3632 sedentem,
697 3570 789 3632 quem
818 3549 962 3613 minister
983 3547 1083 3630 (cuius
1105 3544 1219 3609 mentio
1241 3540 1277 3604 tit

17 3623 18 3662 ³
115 3666 145 3710 v.
165 3648 237 3727 334)
266 3646 457 3724 conduxerit,
487 3649 518 3711 in
549 3655 748 3728 conspectum
778 3648 900 3713 venisse
928 3646 1100 3726 ibidemque
1128 3642 1167 3706 de
1195 3656 1276 3720 equo

115 3743 353 3809 descendentem
377 3746 469 3809 scalis
489 3746 610 3826 logeum
633 3746 853 3824 ascendissell.

190 3894 216 3954 lt
247 3891 319 3946 idem
348 3893 420 3960 qnod
450 3893 529 3947 nobis
551 3894 716 3948 Kolstero
749 3894 856 3962 placuit
885 3893 914 3959 (l.
936 3891 953 3945 l.
983 3890 1078 3959 p.58).
1129 3885 1274 3941 Schoen-

116 3977 271 4042 bornius,
298 3996 359 4032 cum
385 3980 516 4034 ismenem
548 3998 596 4049 per
622 3982 788 4035 orchestram
819 3980 995 4032 introducere
1024 3975 1166 4028 dubitaret
1188 3988 1277 4038 neque

117 4079 216 4129 equum
242 4063 270 4115 in
296 4063 356 4132 ipsa
374 4082 471 4119 scaena
495 4066 653 4134 apparuisse
677 4070 797 4120 statuere
820 4070 973 4126 conaretur,
1000 4061 1135 4114 ismenem
1160 4058 1188 4109 in
1205 4073 1276 4124 equo

19 4155 20 4158 ’
117 4150 258 4203 sedentem
276 4149 305 4202 in
323 4154 496 4218 conspectum
517 4152 646 4220 prodiisse
667 4152 816 4222 denegavit
835 4151 952 4220 (pasc).
988 4149 1037 4203 Cui
1048 4148 1108 4216 ipsa
1126 4144 1277 4213 Antigones

119 4235 200 4287 verba
223 4240 389 4305 repugnant.
425 4239 522 4293 Cetera
549 4257 619 4307 quae
644 4239 692 4293 ille
718 4239 817 4293 afferat
839 4239 895 4291 vim
917 4236 1017 4290 habere
1035 4233 1141 4288 nullam
1159 4231 1278 4285 libenter

117 4323 252 4378 concedes.
