3225 5200
675 505 712 563 et

115 704 243 750 versum
258 684 317 746 246
336 680 474 760 seilicet).
518 679 580 744 Sed
600 702 639 744 ne
655 681 735 746 illad
751 681 875 766 quidem
894 682 940 762 p’t,
965 683 1056 744 imsmo
1078 680 1278 763 Dicaeopolis
1352 723 1356 733 ·

116 790 159 853 de
192 805 309 867 pompa
346 781 501 862 loquitur,
541 780 642 860 hlium
679 783 853 845 canistrum
895 778 1100 866 quodmodo
1136 781 1279 865 deposuit

114 887 250 974 pulchre
277 872 424 967 portare,
461 900 565 943 seroos
598 880 743 960 phollnm
785 888 859 959 post
895 882 998 955 hlium
1034 887 1150 945 rectam
1182 883 1279 960 serre,

116 1008 248 1053 aaronem
272 1002 421 1064 pompam
446 980 483 1044 de
513 986 590 1043 tecto
613 980 754 1058 aspicere
777 981 859 1043 iubet
880 988 909 1044 et
930 982 1043 1045 deinde
1062 983 1279 1060 procedentem

113 1107 266 1170 pompam
311 1088 442 1146 cantans
485 1081 626 1160 seqrritur
639 1079 690 1160 1)«<.
746 1078 830 1142 Nihil
874 1082 1012 1160 ptuleetn
1050 1082 1088 1144 de
1130 1082 1280 1147 sacrificio

118 1189 249 1261 dicitur,
279 1183 334 1247 sed
365 1181 579 1244 tantummodo
605 1180 708 1249 omnia
736 1179 774 1241 ad
805 1198 948 1259 pompam
977 1180 1126 1246 sacrificio
1156 1189 1280 1246 antece-

118 1288 244 1349 dentem
282 1281 462 1363 quarlrant‚'
481 1278 604 1359 qualem
633 1279 756 1357 saepius
783 1278 842 1340 iter
868 1297 923 1358 per
952 1280 1141 1343 orchestram
1171 1281 1278 1344 fecisse

119 1402 217 1465 supra
243 1382 391 1444 novimus.
434 1377 494 1441 Sed
518 1377 602 1440 dieas
630 1376 758 1440 forsitan
789 1377 1033 1458 Dicaeopalidem
1063 1379 1094 1441 in
1115 1379 1276 1445 orchestra

119 1502 211 1547 sacra
231 1481 332 1545 facere
352 1481 382 1542 in
406 1475 508 1541 animo
533 1477 677 1540 habuisse
700 1482 795 1558 atque
820 1476 858 1539 ab
882 1479 1003 1557 incepta
1026 1498 1081 1557 per
1100 1477 1278 1543 Acharneu-

119 1602 171 1647 ses
198 1586 384 1661 proruentes
413 1596 480 1639 esse
508 1576 697 1655 impeditum.
741 1575 799 1639 sat
828 1575 905 1640 baec
932 1577 1034 1658 opinio
1058 1596 1095 1639 eo
1118 1578 1280 1658 refellitur,

120 1681 206 1765 quod
233 1678 296 1742 filia
324 1697 391 1741 eum
413 1675 551 1740 Xanthia
582 1694 607 1735 v.
624 1675 684 1745 280
713 1693 775 1756 quo
803 1676 937 1755 impetus
969 1675 1052 1739 chori
1084 1678 1113 1738 in
1139 1678 1222 1740 illum
1245 1678 1281 1741 tit

120 1785 182 1846 iam
212 1801 228 1841 e
255 1784 420 1857 conspectu
447 1766 660 1854 evanuerunt,
695 1774 945 1856 quandoquidem
977 1776 1014 1836 de
1043 1776 1089 1838 his
1119 1794 1155 1837 ne
1187 1795 1279 1839 unum

120 1881 247 1965 quidem
271 1877 396 1939 verbnm
423 1883 531 1955 postea
554 1874 719 1954 profertur.
763 1873 848 1949 Quae
877 1892 946 1937 cirin
969 1875 1014 1936 ita
1040 1876 1112 1950 sint,
1140 1875 1280 1955 equidem

120 2001 180 2062 pro
195 1984 280 2042 certo
295 1975 444 2039 affirmem
459 1974 558 2037 bacin
573 1992 684 2036 scaena
700 1973 949 2053 Dicaeopolidem
963 1976 1118 2051 cuiusuis,
1142 1975 1280 2038 omnibus

121 2081 162 2144 ad
187 2080 297 2141 testum
319 2075 397 2138 bene
420 2074 624 2154 praeparatis,
646 2091 684 2135 ex
702 2076 768 2153 ipso
784 2073 887 2137 urbico
903 2074 1053 2137 domicilia
1069 2076 1281 2156 proiecturum

120 2179 208 2257 fingi,
231 2183 264 2241 ut
279 2175 406 2239 solemni
421 2192 533 2254 pompa
549 2191 604 2252 per
617 2172 807 2235 orchestram
827 2192 881 2235 rus
901 2192 933 2235 se
950 2175 1090 2238 conterat
1108 2174 1281 2255 ibidemque

121 2285 233 2359 postea
270 2262 415 2353 Dionysia
450 2274 567 2335 rustica
598 2271 779 2349 celebr-etet,
809 2281 903 2352 atque
931 2273 1024 2357 liliam
1055 2282 1086 2337 et.
1112 2275 1281 2338 Xanthiam

122 2378 230 2440 eodem
263 2374 425 2437 tendentes
455 2391 509 2452 per
541 2372 697 2435 sinistram
727 2372 879 2451 paredum
911 2391 1053 2451 egressos
1085 2374 1281 2455 disparuisse.

123 2476 212 2554 Quod
243 2476 270 2538 si
303 2473 416 2554 probes
447 2473 549 2535 oninia
581 2471 737 2551 perlucida
769 2471 864 2546 huin,
902 2483 1054 2538 ettunam
1088 2476 1280 2555 eandemque

123 2593 267 2639 scaenam
297 2580 418 2652 semper
445 2578 613 2652 pertatem
638 2570 772 2634 tabulam
798 2572 899 2634 medio
922 2573 1045 2654 quidem
1067 2574 1133 2637 loeo
1159 2575 1282 2638 [licaeo-

122 2675 244 2757 polidiS‚
279 2692 377 2753 prope
407 2672 546 2734 dextrarii
579 2676 701 2749 portam
733 2672 879 2735 Lamachi
909 2672 1036 2736 Athenis
1067 2663 1143 2737 sitas
1174 2676 1281 2739 domus

123 2774 306 2855 praebuisse
340 2777 580 2836 consentaneum
606 2777 662 2832 est.
706 2772 769 2833 lam
800 2792 871 2834 vera
900 2772 929 2833 in
961 2772 1205 2851 Dicaeopolidem
1234 2796 1282 2838 or-

122 2875 277 2938 chestram
312 2878 521 2954 permeantem
559 2870 724 2931 choreutae
763 2880 950 2949 proruentes
986 2874 1131 2950 impetum
1164 2875 1281 2938 iaciunt

124 2971 268 3054 (ethii),
291 2970 471 3051 quibuscum
487 2969 537 3033 ille
553 2969 650 3032 multa
665 2968 758 3031 verba
776 2969 852 3033 lacit
874 2970 985 3052 (usque
1006 2970 1045 3031 ad
1065 2988 1186 3034 versum
1199 2975 1280 3055 tet),
1325 3035 1327 3039 ,

123 3073 197 3136 dum
229 3073 349 3150 lugeam
378 3069 528 3146 ascendit,
549 3073 584 3130 ut
606 3067 645 3131 ub
667 3068 816 3148 Euripide
831 3075 972 3132 ornatum
994 3067 1193 3151 habitumque
1215 3082 1279 3136 tra-

123 3172 225 3251 gicum
248 3175 344 3250 petat.
387 3172 489 3248 Atque
513 3185 636 3231 necesse
656 3173 704 3232 est
716 3168 820 3247 paullo
841 3177 914 3231 ante
936 3187 1058 3232 versum
1076 3171 1134 3234 393
1153 3172 1279 3235 sinistra

196 3366 221 3428 lt
240 3381 293 3432 qua
312 3364 346 3417 de
372 3380 453 3417 causa
476 3364 533 3416 viro
555 3363 637 3415 docto
662 3362 764 3428 placuit
785 3380 825 3415 vv.
838 3364 933 3416 att-ta
952 3365 1001 3418 hoe
1020 3365 1080 3419 loco
1099 3366 1235 3421 eiciendos
1255 3375 1282 3421 et

121 3459 187 3522 post
202 3467 295 3505 versus
306 3451 354 3504 251
374 3451 455 3502 verba
474 3450 596 3516 στρατιᾶς
613 3449 818 3515 ἀπαλλαχθέντα
837 3450 994 3504 inserendos
1013 3467 1071 3506 esse
1089 3453 1135 3519 (of.
1157 3452 1281 3521 Haupt.

23 3539 25 3602 l
122 3540 142 3591 l.
165 3538 183 3590 l.
210 3553 237 3604 p.
254 3537 325 3602 465),
358 3552 411 3603 quo
444 3536 551 3590 tandem
580 3535 639 3589 loeo
662 3535 824 3589 sacrificium
847 3535 987 3604 inceperit.
1025 3537 1076 3590 Sed
1107 3539 1190 3592 rerba
1213 3555 1282 3605 quae

23 3605 25 3664 j
122 3629 210 3677 mater
235 3622 268 3676 ad
292 3622 375 3675 filiam
400 3627 437 3688 (v.
455 3621 505 3674 253
529 3630 580 3688 sq)
608 3621 698 3688 dirigit
722 3621 803 3688 plane
826 3620 1006 3676 demonstrant
1035 3632 1092 3676 tum
1118 3640 1225 3690 quoque
1249 3625 1282 3679 de

24 3707 26 3766 ἶ
122 3723 224 3776 pompa
249 3706 310 3770 dici,
338 3715 366 3760 ut
387 3724 436 3762 suo
458 3709 518 3761 loco
541 3708 604 3761 illos
627 3722 727 3767 versus,
746 3707 844 3773 quibus
863 3709 974 3763 ultimae
993 3711 1118 3764 sacrificii
1136 3727 1281 3779 praepara-

25 3835 26 3840 κ
121 3795 212 3847 tiones
232 3793 304 3858 fiant,
324 3801 396 3848 stare
416 3796 538 3863 equidem
558 3810 716 3861 persuasum
736 3793 869 3872 habeam..

192 3904 219 3973 2)
242 3919 331 3969 neque
355 3905 424 3957 enim
443 3921 513 3973 quae
532 3920 640 3959 carmen
662 3904 822 3958 Bacchicam
841 3911 954 3957 cantans
974 3904 1146 3972 Dicaeopalis
1168 3924 1276 3975 pronun

121 3992 174 4046 ciat
191 3991 288 4045 verba:

296 4078 358 4144 ἕκτῳ
378 4077 401 4126 δ’
420 4078 469 4125 ἔτει
488 4086 623 4142 προσεῖπον
643 4080 667 4135 ἐς

296 4165 339 4212 τόν
358 4159 438 4229 δῆμον
454 4162 537 4214 rhedo
556 4161 661 4221 ‹iopenoc
683 4164 716 4228 (v.
728 4162 833 4229 256)le

123 4250 221 4303 contra
238 4263 281 4301 me
298 4252 458 4315 repugnant,
476 4261 544 4314 quae
564 4247 602 4299 ita
619 4254 736 4300 vertam:

226 4351 275 4389 seco
290 4335 370 4387 annis
384 4333 584 4402 praetermissis
603 4339 627 4387 te
645 4334 739 4388 invoco
758 4334 871 4389 libenter
896 4335 926 4387 in
943 4353 1045 4404 papum
1065 4341 1178 4396 rediens.
