3225 5200
625 479 662 543 13

143 658 279 736 Restat,
306 662 341 721 ut
370 656 407 722 de
429 657 557 739 parodis
582 675 661 739 quae
677 658 791 724 Pollux
815 659 919 724 tradat
942 659 1127 727 referamus:
1156 665 1221 728 τῶν

30 764 172 836 ’μέντοι
203 756 359 840 παρόδων
387 757 408 840 ή
443 763 503 839 μὲν
539 759 631 834 δεξιοὶ
641 757 663 841 1)
699 758 844 841 α’γρόθεν
873 756 895 844 ἢ
922 761 956 822 ἐκ
984 761 1108 841 λιμένος
1136 761 1158 847 ἢ
1185 766 1220 828 ἐκ
1268 808 1270 814 .

52 855 187 930 πόλεως
215 854 293 939 ἄγει.
346 856 376 920 οἱ
403 858 440 920 δὲ
468 858 658 938 α’λλαχόθεν
686 860 776 938 πεζοὶ
800 860 1031 942 ἀφικνούμενοι
1053 864 1220 948 recciario

53 955 177 1038 ἑτέραν
200 956 350 1022 εἰσιιίσιν.
393 955 600 1032 εἰσελθόντες
628 960 665 1022 δὲ
692 960 776 1022 aare?
798 960 860 1046 τήν
881 959 1061 1042 ὀρχήστραν
1082 963 1137 1025 ε’πὶ
1160 964 1220 1047 τήν

53 1059 183 1142 σκηνήν
204 1058 420 1138 ἀναβαίνουσι
441 1059 496 1121 deri
517 1059 718 1139 attitulante).
760 1061 865 1143 Atque
886 1059 934 1123 his
958 1079 996 1124 ex
1016 1062 1117 1126 verbis
1141 1064 1218 1128 satis

51 1157 160 1221 elucet
184 1178 244 1221 non
269 1158 367 1238 solum
390 1157 562 1237 choraulas,
585 1178 692 1224 vorum
716 1160 808 1223 etiam
831 1160 997 1224 histriones
1014 1180 1069 1242 per
1086 1162 1218 1242 parodos

52 1257 85 1318 in
120 1257 314 1322 orchestram
344 1278 524 1339 progressos
549 1260 660 1340 fuisse,
692 1260 718 1323 si
740 1258 913 1324 fabularum
934 1262 1015 1324 actio
1035 1263 1218 1342 postularet.

53 1355 159 1431 Quam
201 1358 230 1419 in
264 1377 328 1421 rem
357 1377 425 1422 cum
456 1366 565 1439 postea
595 1360 768 1424 accuratius
798 1361 1007 1441 inquiramus,
1042 1380 1122 1427 nunc
1152 1380 1218 1427 eam

53 1456 187 1519 missam
208 1456 364 1522 iaciamus

143 1557 206 1621 Sed
238 1557 313 1621 haec
340 1558 500 1623 hactenus
541 1559 605 1623 Iam
636 1559 750 1624 diutius
777 1561 806 1623 in
831 1560 1006 1625 enarranda
1028 1559 1217 1626 Graecorum

54 1673 177 1719 scaena
199 1658 381 1721 commorari
404 1658 557 1735 videmur,
587 1659 640 1738 qui
671 1659 794 1743 quidem
826 1658 883 1723 hac
912 1660 951 1725 de
983 1679 1015 1724 re
1041 1663 1218 1725 accuratius

55 1755 224 1835 disputare
257 1775 367 1837 operae
397 1760 530 1837 pretium
558 1759 701 1822 arbitrati
730 1776 856 1837 sumuS,
895 1761 967 1840 quia
996 1763 1113 1825 nostris
1143 1762 1217 1843 ipsis

55 1855 255 1936 temporibus
294 1857 479 1921 novissimae
515 1857 586 1920 illae
622 1875 659 1922 ac
695 1858 758 1922 iere
796 1858 957 1923 inauditae
993 1861 1152 1939 opiniones
1185 1862 1216 1924 in

55 1955 194 2020 medium
223 1956 364 2036 prolatae
393 1959 465 2021 sint.
510 1957 576 2021 Nos
604 1959 700 2037 igitur
722 1958 911 2022 retineamus
933 1976 1073 2022 scaenam
1096 1962 1217 2041 qualem

55 2062 189 2134 praeter
231 2063 350 2120 ceteros
390 2056 548 2121 Vitruvius
587 2063 618 2120 et
655 2057 767 2122 Pollux
809 2058 973 2122 memoriae
1012 2060 1232 2142 tradiderunt,

55 2171 195 2232 quorum
219 2156 257 2218 de
277 2154 337 2220 fide
359 2174 396 2220 ac
415 2155 529 2221 fiducia
550 2176 603 2221 cur
626 2157 819 2235 dubitemus,
848 2158 988 2238 equidem
1011 2177 1135 2223 causam
1157 2178 1217 2223 non

55 2254 161 2317 video.
206 2255 267 2317 Sed
281 2256 452 2320 Vitruvium
472 2257 502 2319 in
516 2257 702 2321 Graecorum
719 2257 851 2321 theatris
869 2257 1079 2322 describendis
1096 2277 1217 2339 semper

55 2353 218 2417 erravisse
240 2353 423 2419 Kaweravio
441 2357 565 2439 quidem
588 2355 620 2434 (l.
635 2358 654 2420 l.
669 2375 698 2438 p.
716 2358 807 2437 1739)
826 2358 949 2438 placuit,
971 2358 1024 2439 qui
1043 2377 1103 2423 non
1120 2359 1218 2439 possit

55 2473 122 2518 non
153 2455 318 2518 concedere
349 2456 469 2520 doctum
500 2456 584 2521 illum
613 2458 744 2536 Augusti
776 2456 978 2521 architectum
1015 2457 1096 2520 haud
1127 2457 1217 2522 dubie

56 2573 122 2617 non
152 2571 249 2634 pauca
278 2560 415 2620 veterum
444 2558 627 2637 scriptorum
653 2557 832 2622 testimonia
854 2556 892 2620 de
915 2557 1102 2622 Graecorum
1125 2557 1216 2622 rebus

55 2655 210 2719 scaenicis
235 2662 309 2718 ante
335 2655 439 2720 oeulos
461 2656 615 2721 habuisse.
657 2656 764 2737 Neque
787 2675 844 2721 nos
866 2658 897 2720 in
921 2657 1032 2721 librum
1055 2658 1216 2722 clarissimi

55 2755 117 2818 viri
148 2756 324 2819 accuratius
355 2756 553 2836 inspicientes
579 2757 659 2837 fugit
688 2756 879 2835 Vitruvium,
907 2775 974 2820 cum
1004 2758 1135 2838 explicet
1156 2775 1216 2837 quo

55 2854 152 2918 niodo
177 2855 382 2918 Romanorum
415 2873 527 2921 scaena
552 2856 777 2921 consumenda
807 2857 863 2934 sit,
895 2857 1018 2938 saepius
1049 2857 1087 2920 ad
1118 2857 1216 2921 Grae-

55 2972 168 3019 corum
198 2973 340 3019 scaenam
364 2957 535 3037 respicere,
563 2955 716 3037 quemad
740 2956 922 3020 imitandum
945 2956 1033 3036 quasi
1057 2955 1215 3035 exemplar

132 3185 157 3254 l)
182 3184 358 3239 offendebant
377 3187 429 3241 viri
447 3187 521 3241 docti
539 3188 566 3240 in
586 3205 616 3242 eo
636 3189 708 3256 quod
726 3188 823 3242 Pollux
842 3188 871 3241 in
888 3186 1069 3241 describendis
1088 3184 1216 3255 periactis

55 3271 152 3325 verbis
175 3273 243 3328 δεξιά
265 3275 294 3327 et
316 3275 436 3345 ἀριστερά
460 3274 655 3345 significaverit
678 3274 802 3345 regiones
821 3275 904 3344 plane
927 3272 1079 3328 contrarias
1096 3272 1129 3325 iis
1148 3289 1216 3340 quus

55 3375 135 3412 nuno
164 3358 259 3412 iisdem
290 3360 416 3429 appellat
439 3361 536 3416 verbis.
583 3362 668 3426 Quam
694 3360 886 3415 difficultatem
913 3361 968 3414 iam
994 3359 1214 3415 Godofredus

55 3444 283 3500 Hermannus
303 3447 354 3514 (ed.
372 3447 498 3516 Aeschyl.
513 3447 540 3502 II
557 3466 582 3517 p.
594 3449 654 3518 649)
675 3448 717 3501 his
734 3447 826 3501 verbis
844 3446 911 3500 satis
930 3446 1068 3500 diluebat:
1090 3462 1140 3500 »ex
1153 3461 1213 3512 quo,

54 3532 159 3600 inquit,
179 3535 360 3603 consequitur,
378 3535 491 3588 alterum
508 3541 539 3588 ut
553 3536 766 3604 iaproacaem'o,
786 3535 899 3589 alterum
915 3541 947 3587 ut
964 3536 1034 3587 irater
1050 3539 1215 3601 spectatores

54 3628 175 3678 atumem
194 3637 247 3674 esse
264 3621 407 3675 locatum«.
445 3620 520 3675 ldem
538 3622 643 3690 placuit
662 3620 811 3674 Alberto
829 3619 1005 3673 Muellero
1024 3620 1053 3687 (l.
1071 3618 1089 3673 l.
1108 3636 1133 3687 p.
1145 3617 1212 3684 160).

57 3712 99 3762 Ac
128 3725 177 3761 nos
202 3707 311 3776 quidem
343 3706 370 3760 in
400 3708 575 3775 sequentibus
599 3708 641 3762 ita
665 3725 721 3762 rem
745 3705 941 3771 tractabimus,
973 3708 1005 3759 ut
1031 3706 1155 3760 dextrum
1181 3723 1213 3759 ae

54 3797 199 3850 sinistrum
221 3813 236 3848 e
259 3797 441 3864 spectatorum
465 3795 588 3864 partibus
614 3812 754 3858 vocemur,
788 3793 923 3862 quomodo
946 3792 994 3861 qui
1021 3809 1054 3846 ex
1077 3792 1145 3846 urbo
1170 3794 1213 3847 vel

56 3884 142 3951 portu
167 3863 358 3951 ingrediuntur
379 3882 524 3936 histriones
550 3899 582 3936 ex
605 3883 717 3944 dextro,
743 3880 791 3949 qui
807 3896 920 3950 peregre
938 3878 1163 3948 appropinquant
1179 3895 1212 3933 ex

56 3968 171 4022 sinistro
190 3968 291 4024 theatri
309 3969 396 4023 latere
414 3967 584 4023 introeuntes
603 3968 743 4023 iaciamus.

128 4056 155 4125 2)
180 4056 294 4110 Godof
300 4057 403 4109 reduc
427 4056 645 4110 Hermannus
667 4056 748 4124 (neue
769 4053 845 4108 Jena.
864 4051 1128 4121 Litteraturzeitung
1147 4050 1213 4105 1843

56 4161 99 4196 nr.
119 4145 176 4205 147,
194 4163 220 4213 p.
240 4144 289 4197 599
301 4144 370 4213 sqq.)
396 4143 481 4197 verba
503 4144 538 4197 ab
557 4145 711 4201 εἰσελθόντες
732 4155 819 4208 usque
841 4139 975 4193 adfinem
994 4139 1121 4192 hocloco
1140 4140 1213 4192 stare

57 4247 114 4283 non
141 4246 219 4298 posse
241 4229 397 4294 contendit,
422 4246 504 4296 quam
526 4229 680 4298 opinionem
698 4225 865 4281 testimoniis
881 4225 947 4280 satis
966 4226 1140 4295 comprobare
1157 4224 1214 4293 ipse

58 4317 157 4371 omisit.
