3225 5200
681 534 722 595 53

206 709 250 772 De
270 707 383 772 Piuti
402 708 487 773 initio
510 728 566 790 pro
590 716 675 776 certo
699 711 855 775 affirmare
877 730 937 775 non
960 710 1069 788 ausim,
1090 729 1163 774 num
1185 709 1276 775 Cario

117 812 153 872 et
182 807 362 889 Chremyius
392 826 459 872 eum
489 809 582 874 Pluto
611 829 739 891 peregre
768 811 971 875 advenientes
1003 829 1057 891 per
1085 809 1276 874 orchestram
1340 895 1342 900 .

117 909 278 989 progressi
309 909 383 971 sint.
426 908 512 985 Quod
542 910 683 990 equidem
707 911 877 991 maluerim,
908 911 1054 991 quoniam
1083 910 1129 973 iiii
1156 910 1276 973 demum

118 1027 149 1071 v.
163 1008 223 1070 230
244 1007 283 1069 ad
302 1008 424 1072 domum
438 1008 591 1089 Chremyii
614 1010 644 1072 iu
665 1027 775 1073 scaena
792 1010 959 1074 exhibitam
978 1027 1011 1073 se
1025 1015 1161 1089 vertunt,
1182 1015 1278 1091 atque

119 1104 284 1170 Carionenr
308 1107 414 1170 eadem
441 1109 500 1188 via,
521 1126 578 1188 per
602 1108 791 1187 orchestram
815 1109 940 1187 scilicet,
954 1109 1073 1190 exiisse,
1096 1115 1132 1172 ut
1154 1108 1278 1173 chorum

118 1211 260 1271 arcessat
290 1206 330 1288 (v.
354 1206 440 1289 228),
470 1226 532 1290 qua
563 1227 589 1270 v.
611 1209 671 1272 253
701 1227 770 1272 eunt
800 1208 892 1272 choro
914 1207 1097 1272 redeuntem
1120 1226 1212 1288 supra
1235 1210 1278 1271 vi-

121 1305 269 1369 debamus
297 1305 346 1386 (cf.
368 1323 438 1386 pag.
463 1305 527 1388 42),
559 1308 623 1371 veri
659 1307 846 1371 simillimum
876 1308 1008 1372 videtur.
1050 1307 1109 1372 Sed
1142 1307 1216 1371 haec
1247 1308 1276 1370 in

119 1405 226 1469 dubio·
242 1405 464 1487 relinquamus,
493 1410 528 1470 ut
551 1407 587 1470 de
611 1408 811 1471 Ranarum
836 1425 868 1471 re
890 1408 1030 1497 scaenica
1052 1408 1184 1471 certiora
1207 1425 1278 1486 pro-

118 1500 266 1571 feramus.
309 1505 428 1569 Fabula
451 1507 578 1569 ineunte
599 1506 770 1587 Dionysum
795 1526 864 1571 cum
890 1506 1026 1570 Xanthia
1044 1507 1131 1571 asino
1146 1507 1277 1569 vehente

118 1606 149 1668 iu
174 1606 332 1670 orchestra
354 1611 510 1670 versatum
533 1624 600 1670 esse
620 1625 776 1671 sumamus
799 1625 926 1671 necesse
943 1617 1003 1670 est.
1046 1606 1125 1671 Nam
1146 1607 1277 1687 primum

121 1706 242 1786 quidem
272 1705 357 1769 haud
384 1705 538 1769 infirmnm
569 1706 658 1770 nobis
685 1706 777 1771 affert
806 1712 1023 1787 argumentum
1059 1707 1143 1786 quod
1171 1706 1277 1769 asinus

119 1805 287 1883 inducitur,
326 1807 374 1869 cui
409 1807 471 1869 vix.
499 1807 656 1887 spatiosus
695 1807 798 1871 aditus
834 1827 890 1889 per
933 1825 1129 1871 versurarum
1166 1807 1277 1869 itinera
1349 1849 1353 1859 -

118 1904 258 1983 1661111).
302 1905 379 1968 Tum
407 1924 481 1969 vero
509 1911 603 1986 poeta
632 1905 699 1970 iilos
726 1926 780 1987 per
810 1906 936 1986 longum
965 1912 1086 1986 tempus
1114 1907 1144 1969 in
1167 1906 1277 1969 itinere

118 2011 282 2068 versantes
311 2004 394 2086 facit,
424 2011 460 2068 ut
488 2005 609 2070 demum
640 2026 669 2071 v.
685 2008 723 2071 35
746 2006 904 2088 Dionysus
927 2006 967 2069 ad
989 2006 1112 2070 domum
1134 2004 1277 2073 Herculis

118 2106 150 2167 in
183 2121 326 2167 scaenam
354 2106 537 2184 pervenerit.
580 2105 686 2186 Neque
716 2104 942 2186 neglegendum
974 2112 1026 2170 est
1050 2105 1217 2169 Xanthiam
1247 2105 1276 2167 in

117 2203 322 2284 ingrediendo
350 2204 387 2267 de
414 2204 640 2285 spectatoribus
667 2205 761 2268 verha
787 2205 937 2285 proferre,
963 2206 1001 2269 ah
1029 2205 1077 2269 his
1096 2206 1192 2285 igitur
1212 2212 1276 2268 tum

118 2321 190 2367 eum
226 2303 366 2382 proxime
394 2302 531 2367 abfuisse
567 2312 804 2368 consentaneum
841 2305 973 2369 videtur.
1017 2307 1108 2369 iuxta
1135 2304 1276 2368 Herculis

118 2402 242 2465 domum
273 2403 303 2464 iu
341 2421 452 2467 scaena
489 2409 681 2483 spectatores
710 2404 911 2467 intuebantur
938 2404 1035 2469 lacum
1066 2403 1276 2481 Acherusium,

118 2503 208 2565 cuius
237 2502 275 2564 ad
306 2501 403 2581 ripam
432 2503 584 2582 Dionysus
613 2503 658 2584 (v.
674 2506 741 2582 180)
765 2522 799 2568 se
821 2503 950 2569 confert.
994 2505 1040 2568 De
1061 2503 1172 2570 ceteris
1196 2520 1276 2582 qnae

118 2608 292 2681 sequuntur
328 2604 442 2682 optime
479 2590 668 2683 Droysenius
702 2604 734 2683 (l.
764 2605 783 2667 1.
812 2623 841 2684 p.
859 2606 897 2668 73
919 2603 998 2685 sqq.)
1029 2604 1211 2685 disputavit,
1241 2608 1277 2665 ut

117 2700 197 2764 haec
233 2701 348 2764 omissa
380 2700 527 2765 faciamus
561 2708 656 2781 atque
690 2702 719 2765 id
754 2709 874 2768 tantum
904 2710 1078 2767 statuamus
1107 2702 1275 2767 Xanthiam

118 2821 148 2864 v.
163 2805 230 2879 197,
261 2801 430 2875 Dionysum
458 2821 525 2866 cum
556 2801 698 2866 Charone
724 2804 793 2866 navi
826 2803 986 2867 vehentem
1017 2805 1115 2867 6210
1143 2822 1159 2866 6
1186 2803 1275 2880 lugeo

117 2902 289 2964 evanuisse.
339 2900 417 2964 Tum
448 2902 602 2981 Dionysus
632 2908 664 2965 et
692 2901 846 2966 Xanthias
875 2903 975 2966 denuo
1004 2902 1199 2966 ambulantes
1222 2902 1276 2965 de·

117 2999 311 3080 scribuntur,
343 3006 378 3063 nt
415 3001 454 3063 ad
487 3001 626 3065 Plutonis
664 3002 784 3066 domum
822 3020 855 3065 se
891 3001 1062 3082 conferant,
1092 3003 1197 3081 itaque
1224 3018 1276 3064 eos

117 3117 219 3182 usque
249 3100 287 3163 ad
313 3117 432 3162 versum
456 3105 516 3164 440
543 3102 573 3164 in
604 3101 764 3165 orchestra
786 3102 908 3181 degisse
931 3102 1073 3182 equidem
1094 3118 1275 3181 persuasum

117 3198 230 3262 haheo.
280 3198 358 3261 Nam
396 3217 464 3262 cum
504 3217 614 3264 scaena
649 3219 667 3263 a
705 3219 795 3265 versu
821 3206 881 3265 270
914 3203 944 3264 in
974 3201 1118 3265 Plutonis
1152 3200 1276 3264 domum

22 3285 26 3292 ’
118 3301 311 3361 commutata
340 3299 445 3377 66661)
475 3300 541 3362 sine
570 3300 663 3363 dnhio
692 3301 822 3364 dicenda
850 3302 908 3382 sit,
947 3300 1115 3364 histriones
1153 3300 1275 3380 logeum

190 3447 218 3509 1)
235 3443 434 3511 Vesparunr
453 3445 545 3498 6179
569 3463 617 3513 sq,
636 3464 719 3514 quem
741 3449 830 3501 locum
851 3447 1143 3502 Schoenbornius
1163 3453 1202 3518 (p.
1215 3447 1277 3515 353)

118 3528 208 3591 affert,
229 3533 260 3581 ut
279 3530 384 3583 asinum
403 3530 447 3584 hie
466 3549 573 3599 quoque
591 3532 620 3585 in
642 3534 721 3603 logeo
731 3534 890 3603 apparuisse
910 3536 1074 3603 comprobet,
1095 3535 1176 3603 piane
1193 3533 1276 3587 aliam

119 3617 235 3683 praehet
259 3616 383 3683 speciem,
408 3634 469 3669 eum
494 3619 543 3671 iilo
568 3620 677 3686 quidem
704 3621 762 3673 loco
786 3640 835 3691 per
863 3618 976 3675 scaenae
995 3622 1093 3675 frontis
1118 3629 1224 3688 portam
1245 3637 1277 3672 ex

120 3702 230 3755 stabulo
255 3720 339 3772 prope
363 3703 471 3756 domum
498 3706 584 3760 hestia
608 3707 657 3760 iila
687 3709 855 3778 producatur
876 3711 903 3762 et
926 3708 1020 3779 paullo
1040 3711 1100 3774 post
1119 3706 1278 3767 abducatur,

119 3807 192 3856 quae
217 3788 263 3841 hic
288 3806 351 3841 vero
377 3808 426 3860 per
444 3809 569 3846 versurae
595 3794 700 3847 aditum
718 3794 874 3847 inducenda
892 3798 962 3847 esset
980 3810 1066 3860 neque
1086 3799 1150 3846 ante
1170 3809 1276 3845 versum

119 3878 153 3928 34
172 3875 271 3928 abduci
289 3882 386 3945 posset.

187 3962 216 4029 2)
235 3978 296 4013 cum
322 3962 514 4031 Droysenio
540 3965 622 4033 (pan
648 3972 717 4033 sqq.)
743 3970 771 4020 et
795 3964 1065 4020 Schoenhornio
1090 3967 1125 4031 (p.
1138 3963 1186 4016 351
1205 3964 1278 4029 sqq.)

121 4046 149 4098 in
166 4047 256 4116 prima
279 4048 390 4102 fabulae
413 4053 492 4116 parte
510 4050 539 4102 in
555 4067 652 4104 scaena
670 4052 779 4104 domum
799 4052 924 4105 Herculis
943 4057 971 4104 et
988 4052 1077 4103 laeum
1100 4048 1278 4102 Acherusium

121 4132 261 4202 depictum
285 4133 367 4188 foisse
395 4134 507 4201 accipio.
542 4136 727 4205 Navigatione
752 4138 801 4192 illa
825 4138 975 4205 incipiente
1001 4154 1086 4203 usque
1109 4137 1143 4188 ad
1169 4153 1277 4188 versum

121 4217 172 4271 nto
204 4237 326 4272 scaenam
360 4220 490 4273 ductilem
522 4239 603 4287 quam
637 4227 771 4278 nostrates
799 4225 1105 4278 »Wartdeldecorution«
1137 4222 1277 4292 appeliant

122 4303 254 4357 usitatam
277 4305 358 4359 fuisse
382 4307 598 4375 Droysenius
621 4310 722 4379 (1672)
746 4312 882 4380 sagaciter
905 4311 1037 4379 exposuit.
1079 4309 1105 4361 Ν
1112 4308 1278 4377 iejuhrus

122 4389 231 4456 quidem
263 4409 369 4460 semper
399 4395 513 4446 eandem
539 4411 664 4448 scaenam
690 4398 850 4450 remansisse
866 4396 947 4476 nimis
971 4396 1101 4448 audacter
1127 4394 1277 4458 contendit,
