3225 5200
885 480 924 537 40

319 653 434 718 itinera
463 655 620 734 aperuisse
650 671 731 717 nunc
761 653 1039 733 comprobabimus.
1089 652 1183 718 Cuius
1204 653 1328 719 fabulae
1349 656 1480 719 chorum

320 738 473 835 virginum
503 772 558 834 per
586 753 727 817 dextram
756 752 910 835 paredum
938 754 1111 832 ingressum
1132 753 1163 816 in
1186 753 1309 833 logeum
1329 755 1367 818 ad
1390 773 1482 819 aram

320 872 416 934 prope
439 853 604 918 Cadmeam
623 853 755 933 positam
778 852 951 933 confugisse
973 856 1032 915 iam
1056 852 1186 916 vidimus
1207 852 1257 935 (of.
1276 872 1304 934 p.
1318 855 1379 934 ab),
1401 873 1484 935 quas

297 954 456 1036 ¹virgines
486 971 597 1017 scaena
619 952 755 1016 Eteoclis
786 953 872 1016 iussu
900 952 1008 1016 relicta
1037 952 1139 1015 denuo
1168 953 1198 1015 in
1228 953 1386 1017 orchestra
1413 972 1484 1017 ver·

321 1061 426 1117 santes
447 1071 569 1134 pugnae
590 1057 665 1116 aute
685 1060 791 1133 portas
816 1051 968 1116 tumultus
990 1059 1158 1132 perterret:

443 1152 492 1214 coi
513 1156 575 1234 μὲν
595 1152 656 1233 γάρ
679 1152 756 1214 ποτὶ
779 1149 918 1232 πύργους

444 1252 609 1337 πανδημεὶ
631 1250 804 1332 πανομιλεὶ

444 1357 638 1432 στείχουσιν·
674 1356 709 1413 τί
728 1359 881 1430 γένωμαι,
904 1374 931 1411 κ.
954 1372 981 1410 τ.
1004 1350 1032 1413 λ.
1056 1349 1097 1432 (ν.
1119 1351 1179 1413 277
1204 1350 1296 1431 sqq),

323 1451 404 1516 unde
433 1453 511 1516 satis
541 1452 642 1515 elucet
667 1456 743 1515 tuuc
768 1450 894 1531 quidem
913 1450 1048 1528 virgines
1069 1451 1197 1530 propius
1225 1468 1318 1530 quam
1349 1457 1485 1514 auteaa

321 1570 447 1632 pugnae
468 1552 535 1616 locu
559 1551 666 1616 abesse
693 1550 768 1631 fingi
792 1559 886 1630 atque
908 1549 1103 1630 parodosad
1127 1556 1243 1629 septem
1267 1559 1375 1629 portas
1397 1567 1486 1630 spec-

322 1659 390 1716 tare
413 1658 654 1716 consentaneum
677 1650 782 1715 videri.
826 1651 933 1730 Neque
963 1650 1106 1730 equidem
1136 1649 1254 1727 dubito,
1278 1649 1350 1728 quin
1374 1651 1487 1730 nuntii,

323 1758 449 1832 excepto
467 1770 529 1815 uno
547 1769 697 1832 praecone
714 1751 766 1830 qui
787 1770 816 1814 v.
829 1754 889 1813 989
907 1751 1021 1830 exipsa
1038 1749 1115 1813 urbe
1126 1749 1262 1826 advenit,
1281 1750 1313 1811 in
1323 1747 1485 1813 orchestra

323 1851 534 1931 apparuerint,
558 1850 705 1931 quemad
723 1868 788 1913 rem
806 1850 884 1913 bene
902 1849 1050 1931 quadrat,
1068 1851 1149 1930 quod
1166 1850 1292 1913 nuntius
1310 1850 1362 1929 qui
1381 1869 1409 1911 v.
1425 1852 1486 1911 356

323 1949 479 2013 Eteoclem
505 1949 542 2012 de
571 1949 696 2029 proeliis
721 1956 794 2013 aute
822 1955 931 2029 portas
958 1950 1129 2013 commissis
1154 1951 1315 2014 certiorem
1343 1949 1487 2013 facturus
1589 1936 1591 1939 ’

324 2055 373 2113 est
393 2050 454 2112 iarn
477 2068 507 2113 v.
527 2050 588 2113 350
608 2050 638 2112 in
660 2049 864 2130 ingrediendo
891 2048 960 2128 (per
981 2036 1141 2113 sinistram
1163 2049 1313 2130 paredum
1335 2058 1487 2130 quantum

324 2148 427 2227 video)
448 2168 466 2213 a
485 2148 578 2213 choro
594 2151 780 2231 aspiciturh,
823 2149 910 2213 Haec
927 2149 1029 2212 omnia
1047 2150 1203 2229 praemisi,
1223 2156 1259 2213 ut
1281 2148 1486 2229 tibiprobem

324 2267 378 2312 sex
408 2248 474 2312 illos
504 2248 596 2314 duces
622 2250 807 2331 quibuscum
837 2249 983 2313 Eteocles
1004 2269 1031 2312 v.
1045 2252 1103 2313 356
1129 2250 1159 2312 in
1188 2268 1330 2313 scaenam
1349 2268 1387 2312 ex
1408 2249 1488 2312 urbe

324 2347 482 2428 profectus
511 2349 708 2430 progreditur
737 2349 882 2430 deinceps
913 2350 1331 2429 remeatremeat,
1357 2351 1417 2413 541
1446 2348 1488 2411 de

325 2446 412 2525 lugeo
435 2449 631 2512 descendisse
653 2454 684 2512 et
705 2467 760 2529 per
781 2449 916 2529 parodos
937 2449 975 2513 ad
1000 2449 1212 2513 defendendas
1233 2460 1342 2530 portas
1363 2467 1397 2512 se
1413 2466 1488 2513 con-

326 2547 444 2628 tulisse,
479 2555 575 2629 atque
610 2566 664 2612 eos
698 2548 804 2612 eadem
839 2550 887 2613 via
923 2554 1025 2614 v.700
1054 2549 1209 2614 Eteoclem
1242 2554 1378 2614 secutum
1408 2566 1487 2613 esse.

325 2647 448 2710 Proelio
476 2648 562 2711 finito
594 2668 622 2711 v.
634 2650 695 2712 828
723 2648 834 2712 funera
856 2649 989 2712 fratrum
1012 2658 1085 2713 ante
1107 2655 1216 2730 portas
1239 2651 1407 2713 occisorum
1430 2667 1490 2729 per

326 2747 476 2826 parodum
507 2748 609 2811 nescio
640 2756 741 2811 utram
770 2749 802 2811 in
836 2749 1026 2813 orchestram
1056 2756 1217 2829 geruntur,
1246 2757 1280 2812 ut
1302 2750 1489 2827 Antigonum

326 2856 359 2909 et
370 2847 517 2909 ismenem
529 2866 557 2909 v.
571 2852 630 2911 847
649 2866 665 2911 e
681 2847 772 2912 domo
791 2850 878 2928 regia
896 2850 1084 2929 processisse
1106 2849 1186 2912 etin
1208 2847 1399 2912 orchestram
1419 2847 1490 2910 des-

327 2946 468 3010 cendisse
488 2955 642 3028 oporteat,
664 2965 758 3028 quam
782 2957 913 3013 exeunte
938 2948 1100 3028 tragoedia
1120 2949 1283 3028 exsequias
1302 2966 1369 3032 cum
1392 2948 1489 3012 choro

327 3057 551 3127 prosequentes
573 3066 628 3128 per
650 3049 791 3113 dextram
813 3067 849 3112 ac
872 3050 1030 3113 sinistram
1052 3049 1205 3131 parudum
1236 3049 1424 3128 relinquunt.

410 3165 476 3227 Iam
506 3183 691 3245 persuasum
721 3166 848 3230 habebis
880 3185 941 3230 non
970 3185 1042 3231 raro
1070 3167 1196 3231 chorum
1220 3167 1250 3229 in
1273 3166 1406 3245 logeum,
1426 3163 1493 3226 his-

329 3264 444 3327 triones
468 3266 498 3326 in
516 3265 704 3328 orchestram
729 3283 762 3329 se
784 3266 962 3348 contulisse,
987 3279 1023 3331 ut
1045 3268 1230 3330 coniunctim
1253 3273 1360 3346 partes
1382 3269 1492 3343 agant.

332 3361 420 3438 Quae
443 3382 510 3427 cum
534 3364 579 3426 ita
601 3364 674 3442 sint,
698 3363 770 3427 nihil
794 3367 909 3429 causae
932 3374 981 3429 est
997 3385 1054 3430 cur
1074 3368 1229 3443 miremur,
1251 3364 1335 3445 quod
1356 3365 1493 3443 saepiae,

331 3470 366 3523 ut
394 3462 519 3525 chorum
549 3463 704 3526 nonnuliis
726 3465 757 3526 in
788 3461 900 3527 fabulis
929 3466 987 3527 iam
1017 3467 1143 3528 ineunte
1172 3465 1315 3527 dramate
1344 3465 1375 3527 in
1402 3463 1493 3541 logeo

330 3568 530 3642 apparentem
553 3562 743 3643 videbamus,
764 3564 809 3626 ita
834 3565 1000 3629 histriones
1030 3565 1221 3628 orchestram
1245 3565 1369 3628 demum
1387 3572 1493 3627 trans-

330 3663 429 3743 gressi
464 3663 494 3725 in
528 3681 674 3727 scaenam
710 3682 743 3728 se
772 3667 969 3730 contulerint,
1013 3665 1213 3746 Geppertius,
1245 3665 1297 3745 qui
1325 3664 1404 3728 libro
1434 3682 1494 3727 suo

331 3780 426 3843 supra
466 3765 624 3828 nominato
659 3764 740 3828 hano
775 3767 806 3829 iu
839 3785 903 3830 rem
940 3768 1108 3847 inquisivit,
1142 3784 1202 3828 non
1236 3767 1339 3830 omnia
1367 3765 1494 3842 collegit

331 3864 470 3944 exempla
492 3872 524 3927 et
546 3865 643 3928 multa
663 3864 752 3929 nobis
774 3867 912 3947 reliquit,
935 3886 1015 3948 quae
1039 3885 1119 3931 nuuc
1140 3867 1224 3930 clara
1244 3866 1344 3931 facere
1367 3868 1494 3930 conabi-

331 3982 407 4026 mur.
450 3967 495 4027 Ac
529 3966 659 4044 primum
701 3966 828 4045 quidem
865 3968 1080 4046 recordemur,
1114 3984 1197 4048 quae
1232 3967 1270 4030 de
1306 3968 1495 4047 parodorum

332 4064 457 4126 notione
478 4062 593 4128 afferat
616 4065 725 4130 Pollux
749 4067 811 4146 (IV,
826 4069 970 4149 126·27);
992 4071 1056 4130 coir
1079 4076 1189 4149 μέντοι
1218 4066 1374 4146 παρόδων
1392 4068 1410 4149 rJ
1431 4073 1496 4150 μὲν

404 4311 428 4380 1)
448 4310 552 4365 talibus
569 4311 603 4365 de
622 4312 688 4365 loeis
706 4312 779 4366 infra
798 4313 880 4382 plura
897 4315 1104 4383 disputabimus.
