3225 5200
813 1317 866 1399 II.

351 1503 557 1581 Quantumvis
579 1501 771 1568 orchestram
798 1523 818 1568 a
840 1504 932 1585 logeo,
950 1521 1079 1584 prorsus
1101 1501 1334 1583 disiungendam
1358 1518 1425 1565 esse

268 1603 467 1684 arbitramur,
489 1607 610 1667 tanturn
633 1610 736 1667 tamen
754 1603 856 1684 abest,
879 1610 914 1666 ut
927 1622 1045 1667 omnem
1061 1602 1248 1682 denegemus
1262 1601 1346 1666 chori
1358 1619 1425 1664 cum

268 1701 471 1768 histrionibus
499 1703 777 1790 necessitudinem,
806 1708 841 1768 ut
862 1702 997 1768 Pollucis
1025 1702 1077 1766 illa
1105 1701 1219 1766 verba:
1249 1701 1302 1764 καὶ
1326 1701 1425 1783 σκηνή

268 1807 329 1883 μὲν
349 1801 529 1883 ὑποκριτῶν
551 1802 644 1882 ἴδιον,
665 1802 685 1889 ἦ
705 1803 742 1865 δὲ
764 1801 929 1886 ὀρχήστρα
950 1806 1009 1865 τοῦ
1029 1805 1128 1884 χοροῦ
1147 1802 1253 1882 aliqua
1276 1820 1313 1864 ex
1334 1807 1426 1882 parte

269 1907 391 1966 tantum
420 1920 477 1983 pro
506 1909 591 1967 certo
617 1901 793 1967 habeamus,
836 1904 943 1985 Neque
965 1903 1046 1966 euim
1067 1903 1149 1966 viros
1172 1902 1279 1965 doctos
1301 1901 1352 1982 qui
1375 1917 1426 1964 ac-

269 2003 406 2068 curatius
428 2003 458 2067 in
481 2001 603 2066 fabulas
624 2003 829 2084 inspiciebant
850 2001 938 2082 fugit,
962 2001 1146 2083 quibusdam
1160 2001 1233 2065 loeis
1250 2019 1311 2065 uon
1327 2000 1425 2064 solum

237 2167 239 2171 .
268 2102 353 2166 chori
374 2103 494 2183 ducem,
516 2120 621 2167 verum
644 2103 737 2166 etiam
754 2121 859 2167 omnes
875 2102 1041 2167 choreutas
1056 2103 1100 2166 ita
1116 2102 1299 2167 histrionum
1313 2100 1425 2164 actioni

268 2201 441 2281 admisceri,
465 2209 499 2266 ut
519 2203 643 2266 chorum
666 2203 695 2265 in
717 2203 819 2283 ipsum
841 2204 964 2282 logeum
988 2202 1164 2267 ascendisse
1185 2206 1424 2266 consentaneum

268 2301 418 2366 videatur.
476 2301 571 2367 Cuius
610 2302 655 2368 rei
694 2302 833 2383 exempla
871 2301 1016 2382 colligere
1057 2320 1119 2366 non
1159 2317 1425 2381 supervacaneum

268 2398 449 2479 habuimus,
479 2410 517 2465 ut
540 2401 572 2466 in
594 2402 642 2466 his
664 2403 742 2467 satis
764 2401 897 2466 firmatis
919 2403 1006 2482 quasi
1029 2401 1060 2465 in
1083 2400 1283 2465 fundamento
1305 2399 1425 2479 reliqua

268 2518 347 2581 quae
368 2502 587 2582 proposuimus
609 2499 729 2566 facilius
752 2508 962 2566 exstruamus,

349 2625 486 2690 Primum
505 2626 713 2691 testimonium
730 2626 901 2708 Aeschyli1)
921 2626 1138 2707 Supplices
1157 2624 1246 2689 nobis
1264 2617 1426 2705 praebent,

268 2742 329 2805 qua
355 2727 385 2788 in
415 2724 519 2790 fabula
549 2726 618 2807 plus
648 2726 744 2791 semel
771 2726 897 2791 chorum
927 2729 959 2791 in
988 2726 1109 2807 logeum
1133 2743 1166 2790 se
1189 2724 1355 2789 contulisse
1377 2742 1425 2787 ac·

268 2824 419 2904 cipiamus
447 2843 570 2890 necesse
600 2832 659 2891 est.
715 2826 891 2907 Tragoedia
919 2828 1043 2892 ineunte
1072 2825 1184 2890 chorus
1212 2842 1341 2905 peregre
1371 2824 1425 2886 ad-

268 2925 394 2990 veniens
415 2943 469 3005 per
491 2926 650 2990 sinistram
668 2925 842 3006 ingreditur
856 2927 1016 3008 paredum.
1060 2927 1189 2990 Danaus
1205 2931 1277 3005 post
1292 2924 1425 3004 primum

268 3024 352 3104 quod
373 3031 485 3088 vocant
507 3024 670 3108 στάσιμον
691 3027 721 3090 in
743 3045 885 3091 scaenam
909 3045 966 3107 per
991 3026 1137 3089 sinistrae
1159 3030 1314 3104 quantum
1338 3023 1425 3087 video
1519 3065 1526 3080 ,

268 3141 416 3188 versurae
445 3124 562 3189 aditum
590 3144 775 3206 progressus
802 3125 883 3191 filias
912 3143 985 3192 suas
1006 3125 1171 3189 Danaides¹
1191 3142 1273 3205 quae
1300 3122 1426 3187 chorum

269 3221 435 3287 conficiunt
460 3224 661 3304 adhortatur,
694 3230 730 3289 ut
762 3225 803 3289 ad
834 3243 921 3289 aram
953 3233 984 3290 et
1013 3223 1173 3305 ἀγάλματ’
1196 3221 1323 3286 αἰδοίου
1351 3220 1427 3294 Διός

269 3321 310 3401 (v.
330 3322 418 3403 lta),
448 3341 528 3406 quae
556 3324 586 3387 in
617 3342 730 3388 scaeua
757 3325 900 3403 stabant,
933 3324 1131 3407 confugiant,
1159 3342 1228 3389 cum
1255 3321 1426 3404 perieulum

269 3421 444 3487 immineat:
512 3449 514 3453 ’

391 3534 486 3618 ὄχλον
508 3540 537 3601 δ’
557 3540 796 3630 ὑπασπιστῆρα
816 3545 870 3606 καὶ
891 3541 1072 3625 δορυσσόον

392 3637 520 3704 λεύσσω
542 3641 602 3718 ξύν
625 3641 739 3717 ἵπποις
756 3644 936 3726 καμπύλοις
957 3648 985 3706 τ’
1002 3642 1173 3724 ὀχήμασιν.
1197 3641 1237 3723 (v.
1253 3645 1311 3704 168
1322 3642 1381 3721 sq.)

270 3764 384 3829 Verbis
411 3766 477 3830 eius
504 3767 668 3834 oboediens
689 3769 801 3834 chorus
825 3770 934 3834 relicta
957 3768 1119 3834 orchestra
1142 3766 1265 3845 logeum
1288 3763 1428 3828 ascendit

161 3925 164 3932 .
270 3872 302 3929 et
323 3865 355 3927 in
377 3865 526 3945 gradibus
548 3885 621 3932 arae
641 3888 738 3952 prope
759 3870 900 3934 Danaum
922 3867 1077 3933 consedit:

393 3991 518 4072 θέλοιμ’
532 3989 575 4055 ολν
595 3988 657 4079 ἤδη
680 3995 732 4059 σοὶ
752 3996 854 4069 πέλας
876 3982 1017 4076 θρόνους
1039 3993 1123 4071 ἔχειν
1143 3990 1184 4071 (v.
1201 3986 1282 4069 194).

270 4145 460 4155 ——ae

325 4233 349 4299 1)
375 4233 407 4286 In
427 4234 555 4306 Aeschyli
577 4239 728 4309 tragoediis
750 4240 868 4295 citandis
887 4236 1066 4294 Godofredi
1083 4229 1261 4289 Hermanni
1279 4229 1427 4284 editionem

270 4322 378 4373 secutus
395 4338 463 4376 sum.
