3225 5200
856 478 896 541 ld

297 653 420 720 chorum
446 654 504 720 sibi
534 654 658 721 linxisse
684 655 768 721 dicas
790 676 823 721 se
843 659 1141 739 appropinquantem
1162 659 1247 723 illum
1269 659 1381 740 videre,
1404 663 1463 744 qui

297 764 370 821 ant'e
392 777 419 819 v.
437 756 517 820 trra
538 757 569 818 in
592 763 758 836 conspectu
775 757 912 821 nondum
934 758 1089 838 tueritne
1110 759 1257 840 neglegas
1276 762 1463 841 Aegisthum

296 858 427 939 primum
444 855 566 937 quidem
592 854 718 919 eborum
742 857 874 937 alloqui:

417 960 465 1029 τίς
485 946 574 1017 οἶδεν
595 953 686 1036 ὑμῶν
704 959 773 1018 ποῦ
787 957 870 1018 ποθ’
893 956 924 1019 οἱ
946 961 1059 1043 Φωκῆς
1080 961 1184 1039 ξενοί;

295 1056 493 1138 pluribusque
520 1055 623 1119 verbis
651 1074 708 1136 per
729 1063 793 1138 tres
816 1063 1015 1138 venenatum
1037 1059 1193 1123 Electram
1217 1061 1246 1123 in
1269 1061 1465 1143 logenstan-

295 1163 357 1221 tem
381 1155 559 1238 appellare:
726 1144 728 1153 ¹

419 1264 459 1320 σε’
477 1278 535 1336 τοι,
557 1263 596 1318 σέ
615 1259 720 1336 κρίνω,
739 1255 792 1317 καὶ
816 1260 863 1334 σὲ,
885 1257 944 1339 τὴν
966 1258 1001 1319 ἐν
1025 1261 1071 1338 τῷ
1087 1258 1192 1338 πάρος

414 1353 519 1438 χρόνῳ
541 1359 705 1435 θρασεῖαν
727 1380 754 1418 κ.
774 1377 802 1417 τ.
825 1355 852 1417 λ.
865 1357 888 1429 1)

295 1456 461 1521 Creontem
491 1455 522 1518 in
549 1453 691 1535 Oedipi
722 1455 890 1519 (tolonei
920 1456 1026 1519 1712
1055 1474 1113 1537 per
1142 1456 1283 1521 dextram
1314 1459 1461 1523 inducam

294 1555 457 1637 paredum,
479 1555 551 1634 quia
574 1554 735 1618 duodecim
758 1573 865 1618 versus
888 1553 1088 1636 (vu728-39)
1103 1555 1142 1617 ad
1165 1555 1290 1620 chorum
1308 1558 1461 1637 loquitur,

295 1662 327 1718 et
340 1660 404 1718 tum
420 1653 550 1733 denique
570 1652 600 1714 in
615 1651 734 1731 logeum
748 1653 950 1733 progrediens
961 1654 1010 1715 ad
1028 1651 1178 1734 Oedipum
1201 1672 1234 1718 se
1255 1656 1460 1733 convertite).
1574 1699 1579 1705 -

376 1752 411 1814 In
441 1749 683 1837 Baccharum
712 1770 740 1813 v.
765 1751 824 1814 205
854 1750 1009 1814 Pentheus
1037 1750 1194 1821 inducitur
1219 1752 1273 1827 did
1300 1753 1461 1835 σπουδῆς,

293 1870 381 1932 quem
410 1869 478 1914 curn
503 1866 633 1930 peregre
655 1849 799 1916 adveniat
829 1850 880 1931 (cf.
900 1871 927 1913 v.
943 1848 1016 1932 208)
1043 1869 1099 1931 per
1126 1852 1280 1915 sinistram
1304 1853 1460 1933 parodum

293 1950 496 2033 prodeuntem
516 1946 641 2029 fingam.
682 1948 742 2026 Qui
761 1950 886 2014 tandem
911 1970 938 2014 ν.
951 1955 1006 2013 241
1033 1950 1180 2015 Cadmum
1200 1958 1232 2015 et
1251 1952 1400 2016 Tiresiam
1423 1954 1459 2016 in

293 2051 382 2131 logan
404 2054 567 2112 versantes
588 2048 688 2113 videt:

366 2222 369 2227 Δ
415 2148 501 2230 α’τοὲρ
522 2147 592 2211 co'd’
613 2145 692 2211 dito
714 2151 833 2230 θαῦμα
853 2149 912 2212 τὸν
933 2147 1139 2229 τερασκόπον

416 2251 451 2311 ἐν
472 2248 650 2331 moraliaque
673 2254 795 2330 νέβρισι
822 2255 993 2330 Τειρεσίαν
1015 2249 1080 2328 ὁρῶ

415 2358 542 2427 πατέρα
564 2372 599 2410 τε
617 2350 735 2430 μητρὸς
756 2352 812 2434 τῆς
832 2350 918 2431 ἐμῆς,
942 2349 1046 2412 aaran
1066 2349 1174 2429 γέλων,

295 2468 426 2532 quorum
451 2468 506 2531 per
528 2450 657 2530 triginta
679 2455 830 2529 quattuor
857 2467 974 2529 versus,
1004 2467 1081 2530 quos
1104 2457 1196 2512 antea
1218 2449 1458 2529 pronuntiabat,

292 2549 376 2614 nullo
394 2549 486 2614 verbo
507 2550 690 2614 mentionem
712 2548 793 2613 fecit.

373 2651 408 2714 In
431 2649 610 2714 Helenae
645 2648 799 2730 Euripidis
828 2668 940 2713 scaena
976 2657 1171 2730 spectatores
1208 2651 1295 2714 iuxta
1331 2650 1457 2714 domum

291 2751 409 2830 regiam
438 2768 580 2829 magnum
610 2755 705 2829 atque
734 2750 833 2813 altum
867 2750 974 2814 Protei
1003 2749 1176 2829 sepulcrum
1198 2750 1344 2840 columnis
1366 2769 1459 2813 exor-

290 2856 399 2914 natum
434 2848 633 2913 intuebantur
667 2847 718 2930 (cf.
751 2867 781 2911 v.
794 2849 876 2930 548),
910 2866 1008 2930 prope
1045 2850 1126 2929 quod
1165 2849 1281 2913 Helena
1314 2849 1457 2914 assidere

291 2949 380 3014 solet.
423 2949 520 3026 Quam
559 2946 685 3029 Teucer,
722 2966 791 3012 curn
831 2967 887 3029 per
914 2949 1058 3012 sinistrae
1094 2968 1241 3013 versurae
1279 2950 1395 3012 aditum
1420 2949 1455 3011 in

289 3050 392 3132 ipsum
412 3049 534 3129 logeum
558 3066 585 3110 v.
600 3049 639 3112 68
669 3049 774 3127 intret,
805 3049 913 3112 statim
943 3050 1091 3129 conspicit
1120 3050 1162 3129 (v.
1181 3054 1241 3128 71).
1285 3050 1329 3111 Eo
1351 3049 1456 3128 magis

291 3149 429 3226 offendit,
451 3148 533 3232 quod
558 3147 799 3231 Theoclymenus
821 3166 849 3211 v.
874 3149 954 3213 1164
975 3150 1177 3212 arcuatione
1199 3167 1267 3212 cum
1290 3147 1457 3212 comitibus

291 3250 416 3314 domum
449 3247 570 3312 rediens
595 3249 768 3328 sepulcrum
800 3248 922 3332 quidem
953 3247 1052 3327 patris
1082 3248 1202 3327 aspicit,
1231 3248 1285 3312 sed
1318 3267 1346 3311 v.
1371 3249 1455 3311 1116

288 3349 408 3413 demum
433 3349 517 3412 videt
546 3347 697 3411 Helenam
729 3350 759 3412 in
787 3348 921 3429 sepulcri
948 3346 1098 3426 gradibus
1124 3366 1185 3410 non
1203 3348 1319 3412 sedere.
1361 3346 1455 3412 Unde

289 3448 430 3531 equidem
454 3447 634 3512 concludam
657 3446 737 3511 hunc
756 3448 879 3528 quidem
903 3466 964 3511 non
987 3448 1019 3510 in
1040 3446 1107 3527 ipsa
1129 3464 1241 3510 scaena
1258 3448 1455 3530 apparuisse,

289 3549 345 3614 sed
366 3567 423 3629 per
446 3547 635 3611 orchestram
659 3547 691 3610 in
713 3548 836 3627 logeum
859 3547 1081 3627 pervenisse³l.

292 3665 484 3676 -n———n

358 3716 383 3785 1)
402 3714 520 3769 alterum
531 3731 638 3782 quoque
649 3714 774 3769 Electrae
787 3716 878 3769 locum
887 3715 957 3768 bene
971 3714 1053 3768 affert
1069 3714 1242 3784 Gepperti
1252 3731 1288 3769 us
1306 3715 1455 3783 (p.10sq.),

288 3817 395 3856 versum
414 3800 475 3855 dico
494 3801 561 3855 1098
580 3818 634 3870 quo
653 3800 775 3856 Orestem
793 3819 844 3872 per
861 3801 1000 3854 sinistram
1015 3801 1147 3868 paredum
1167 3799 1307 3854 advenisse
1326 3805 1455 3870 apparet.

288 3886 548 3942 Schoenbornii
572 3904 642 3955 quae
668 3889 758 3957 (pit)
783 3887 826 3940 illi
851 3904 1006 3956 repugnans
1036 3886 1139 3954 profert
1157 3890 1321 3955 argumenta
1339 3903 1455 3955 persua-

287 3973 370 4028 dendi
390 3973 445 4028 vim
463 3990 517 4028 non
535 3973 648 4029 babent.

357 4060 384 4130 2)
403 4058 559 4114 accuratius
577 4060 611 4115 de
630 4059 759 4114 hocloco
778 4059 972 4113 Kolsterus
991 4058 1009 4110 l.
1027 4058 1045 4111 l.
1064 4077 1091 4128 p.
1101 4058 1135 4110 60
1153 4041 1284 4127 disputat.

358 4148 385 4214 3)
410 4146 510 4200 mirum
529 4146 556 4199 in
581 4146 691 4200 modum
710 4145 993 4200 Schoenbornius
1013 4147 1048 4214 (p.
1067 4145 1128 4212 198)
1149 4143 1292 4200 contendit
1315 4144 1451 4198 Teucrum

287 4250 342 4288 non
367 4234 463 4288 statim
489 4233 620 4287 Helenam
648 4232 758 4296 vidisse,
789 4233 836 4286 sed
860 4231 1092 4299 Theoclymenum
1117 4230 1192 4283 illico
1218 4246 1278 4283 eam
1306 4230 1451 4285 absentem

289 4338 346 4375 esse
364 4320 600 4383 animadvertisse,
622 4337 681 4373 oum
701 4336 743 4373 res
761 4320 844 4388 plane
861 4317 1015 4373 contrariae
1033 4334 1061 4371 se
1080 4316 1238 4385 praebeant.
