<?xml version="1.0" encoding="UTF-8"?>
<!DOCTYPE html PUBLIC "-//W3C//DTD XHTML 1.0 Transitional//EN"
    "http://www.w3.org/TR/xhtml1/DTD/xhtml1-transitional.dtd">
<html xmlns="http://www.w3.org/1999/xhtml" xml:lang="en" lang="en">
 <head>
  <title>
</title>
<meta http-equiv="Content-Type" content="text/html;charset=utf-8" />
  <meta name='ocr-system' content='tesseract 3.04.00' />
  <meta name='ocr-capabilities' content='ocr_page ocr_carea ocr_par ocr_line ocrx_word'/>
</head>
<body>
  <div class='ocr_page' id='page_1' title='image "./quaestionesscae00harzgoog_0009.png"; bbox 0 0 3225 5200; ppageno 0'>
   <div class='ocr_carea' id='block_1_1' title="bbox 536 1369 844 1468">
    <p class='ocr_par' dir='ltr' id='par_1_1' title="bbox 536 1369 844 1468">
     <span class='ocr_line' id='line_1_1' title="bbox 536 1369 844 1468; baseline -0.01 0"><span class='ocrx_word' id='word_1_1' title='bbox 536 1369 844 1468; x_wconf 80' lang='lat' dir='ltr'>Praefatio.</span> 
     </span>
    </p>
   </div>
   <div class='ocr_carea' id='block_1_2' title="bbox 31 1620 1346 3696">
    <p class='ocr_par' dir='ltr' id='par_1_2' title="bbox 31 1620 1346 3696">
     <span class='ocr_line' id='line_1_2' title="bbox 196 1620 1272 1705; baseline -0.003 -17"><span class='ocrx_word' id='word_1_2' title='bbox 196 1624 242 1688; x_wconf 89' lang='lat' dir='ltr'>De</span> <span class='ocrx_word' id='word_1_3' title='bbox 266 1620 469 1690; x_wconf 85' lang='lat' dir='ltr'>Graecorum</span> <span class='ocrx_word' id='word_1_4' title='bbox 483 1625 578 1690; x_wconf 91' lang='lat' dir='ltr'>rebus</span> <span class='ocrx_word' id='word_1_5' title='bbox 599 1625 747 1691; x_wconf 88' lang='lat' dir='ltr'>scaenicis</span> <span class='ocrx_word' id='word_1_6' title='bbox 775 1624 916 1705; x_wconf 86' lang='lat' dir='ltr'>quamvis</span> <span class='ocrx_word' id='word_1_7' title='bbox 951 1640 1063 1704; x_wconf 83' lang='lat' dir='ltr'>magna</span> <span class='ocrx_word' id='word_1_8' title='bbox 1086 1623 1167 1686; x_wconf 88' lang='lat' dir='ltr'>inter</span> <span class='ocrx_word' id='word_1_9' title='bbox 1189 1621 1272 1685; x_wconf 86' lang='lat' dir='ltr'>virus</span> 
     </span>
     <span class='ocr_line' id='line_1_3' title="bbox 112 1738 1269 1823; baseline -0.003 -18"><span class='ocrx_word' id='word_1_10' title='bbox 112 1742 222 1806; x_wconf 90' lang='lat' dir='ltr'>doctos</span> <span class='ocrx_word' id='word_1_11' title='bbox 245 1747 328 1806; x_wconf 90' lang='lat' dir='ltr'>esset</span> <span class='ocrx_word' id='word_1_12' title='bbox 350 1744 570 1823; x_wconf 81' lang='lat' dir='ltr'>discrepantia,</span> <span class='ocrx_word' id='word_1_13' title='bbox 588 1744 619 1808; x_wconf 93' lang='lat' dir='ltr'>id</span> <span class='ocrx_word' id='word_1_14' title='bbox 651 1762 745 1807; x_wconf 94' lang='lat' dir='ltr'>unum</span> <span class='ocrx_word' id='word_1_15' title='bbox 766 1741 847 1822; x_wconf 86' lang='lat' dir='ltr'>apud</span> <span class='ocrx_word' id='word_1_16' title='bbox 869 1759 975 1806; x_wconf 92' lang='lat' dir='ltr'>omnes</span> <span class='ocrx_word' id='word_1_17' title='bbox 993 1739 1058 1805; x_wconf 90' lang='lat' dir='ltr'>iere</span> <span class='ocrx_word' id='word_1_18' title='bbox 1078 1738 1180 1803; x_wconf 90' lang='lat' dir='ltr'>adhuc</span> <span class='ocrx_word' id='word_1_19' title='bbox 1202 1757 1269 1803; x_wconf 92' lang='lat' dir='ltr'>cun·</span> 
     </span>
     <span class='ocr_line' id='line_1_4' title="bbox 110 1855 1272 1941; baseline -0.002 -21"><span class='ocrx_word' id='word_1_20' title='bbox 110 1858 227 1937; x_wconf 85' lang='lat' dir='ltr'>stabat,</span> <span class='ocrx_word' id='word_1_21' title='bbox 258 1857 424 1924; x_wconf 75' lang='lat' dir='ltr'>histriones</span> <span class='ocrx_word' id='word_1_22' title='bbox 454 1861 485 1924; x_wconf 92' lang='lat' dir='ltr'>in</span> <span class='ocrx_word' id='word_1_23' title='bbox 513 1879 633 1941; x_wconf 83' lang='lat' dir='ltr'>scaena,</span> <span class='ocrx_word' id='word_1_24' title='bbox 663 1859 789 1925; x_wconf 89' lang='lat' dir='ltr'>chorum</span> <span class='ocrx_word' id='word_1_25' title='bbox 818 1859 849 1922; x_wconf 93' lang='lat' dir='ltr'>in</span> <span class='ocrx_word' id='word_1_26' title='bbox 872 1858 1031 1922; x_wconf 76' lang='lat' dir='ltr'>orchestra</span> <span class='ocrx_word' id='word_1_27' title='bbox 1054 1875 1133 1940; x_wconf 85' lang='lat' dir='ltr'>quae</span> <span class='ocrx_word' id='word_1_28' title='bbox 1160 1855 1272 1920; x_wconf 89' lang='lat' dir='ltr'>dicitur</span> 
     </span>
     <span class='ocr_line' id='line_1_5' title="bbox 109 1959 1346 2059; baseline -0.002 -22"><span class='ocrx_word' id='word_1_29' title='bbox 109 1979 220 2054; x_wconf 86' lang='lat' dir='ltr'>partes</span> <span class='ocrx_word' id='word_1_30' title='bbox 251 1976 360 2055; x_wconf 80' lang='lat' dir='ltr'>egisse.</span> <span class='ocrx_word' id='word_1_31' title='bbox 404 1976 465 2042; x_wconf 84' lang='lat' dir='ltr'>Sed</span> <span class='ocrx_word' id='word_1_32' title='bbox 496 1977 571 2042; x_wconf 88' lang='lat' dir='ltr'>haec</span> <span class='ocrx_word' id='word_1_33' title='bbox 599 1996 722 2059; x_wconf 87' lang='lat' dir='ltr'>quoque</span> <span class='ocrx_word' id='word_1_34' title='bbox 751 1976 926 2041; x_wconf 89' lang='lat' dir='ltr'>novissimis</span> <span class='ocrx_word' id='word_1_35' title='bbox 955 1974 1143 2056; x_wconf 85' lang='lat' dir='ltr'>temporibus</span> <span class='ocrx_word' id='word_1_36' title='bbox 1170 1991 1270 2054; x_wconf 88' lang='lat' dir='ltr'>paene</span> <span class='ocrx_word' id='word_1_37' title='bbox 1344 1959 1346 1962; x_wconf 55' lang='grc'>’</span> 
     </span>
     <span class='ocr_line' id='line_1_6' title="bbox 110 2091 1272 2176; baseline 0 -22"><span class='ocrx_word' id='word_1_38' title='bbox 110 2091 266 2157; x_wconf 87' lang='lat' dir='ltr'>labefacta</span> <span class='ocrx_word' id='word_1_39' title='bbox 295 2093 447 2159; x_wconf 86' lang='lat' dir='ltr'>videntur.</span> <span class='ocrx_word' id='word_1_40' title='bbox 492 2095 570 2159; x_wconf 87' lang='lat' dir='ltr'>Nam</span> <span class='ocrx_word' id='word_1_41' title='bbox 599 2113 666 2159; x_wconf 91' lang='lat' dir='ltr'>cum</span> <span class='ocrx_word' id='word_1_42' title='bbox 696 2095 827 2176; x_wconf 90' lang='lat' dir='ltr'>primum</span> <span class='ocrx_word' id='word_1_43' title='bbox 856 2093 1092 2158; x_wconf 87' lang='lat' dir='ltr'>scholiastarum</span> <span class='ocrx_word' id='word_1_44' title='bbox 1119 2098 1150 2157; x_wconf 90' lang='lat' dir='ltr'>et</span> <span class='ocrx_word' id='word_1_45' title='bbox 1171 2109 1272 2171; x_wconf 84' lang='lat' dir='ltr'>gram·</span> 
     </span>
     <span class='ocr_line' id='line_1_7' title="bbox 110 2209 1272 2292; baseline 0 -20"><span class='ocrx_word' id='word_1_46' title='bbox 110 2209 295 2274; x_wconf 84' lang='lat' dir='ltr'>meticorum</span> <span class='ocrx_word' id='word_1_47' title='bbox 333 2212 516 2276; x_wconf 81' lang='lat' dir='ltr'>testimoniis</span> <span class='ocrx_word' id='word_1_48' title='bbox 553 2211 651 2277; x_wconf 88' lang='lat' dir='ltr'>fretus</span> <span class='ocrx_word' id='word_1_49' title='bbox 686 2210 886 2292; x_wconf 89' lang='lat' dir='ltr'>Hoepkenius</span> <span class='ocrx_word' id='word_1_50' title='bbox 900 2211 922 2290; x_wconf 90' lang='lat'>¹)</span> <span class='ocrx_word' id='word_1_51' title='bbox 952 2209 989 2273; x_wconf 90' lang='lat' dir='ltr'>de</span> <span class='ocrx_word' id='word_1_52' title='bbox 1019 2209 1142 2275; x_wconf 86' lang='lat' dir='ltr'>theatro</span> <span class='ocrx_word' id='word_1_53' title='bbox 1169 2210 1272 2273; x_wconf 85' lang='lat' dir='ltr'>Attico</span> 
     </span>
     <span class='ocr_line' id='line_1_8' title="bbox 111 2324 1274 2410; baseline -0.001 -21"><span class='ocrx_word' id='word_1_54' title='bbox 111 2327 228 2391; x_wconf 89' lang='lat' dir='ltr'>saeculi</span> <span class='ocrx_word' id='word_1_55' title='bbox 254 2327 354 2407; x_wconf 90' lang='lat' dir='ltr'>quinti</span> <span class='ocrx_word' id='word_1_56' title='bbox 385 2329 586 2410; x_wconf 86' lang='lat' dir='ltr'>comprobare</span> <span class='ocrx_word' id='word_1_57' title='bbox 614 2333 743 2393; x_wconf 92' lang='lat' dir='ltr'>conatus</span> <span class='ocrx_word' id='word_1_58' title='bbox 773 2327 975 2407; x_wconf 85' lang='lat' dir='ltr'>essetsinrui</span> <span class='ocrx_word' id='word_1_59' title='bbox 1004 2346 1072 2392; x_wconf 92' lang='lat' dir='ltr'>cum</span> <span class='ocrx_word' id='word_1_60' title='bbox 1094 2326 1187 2391; x_wconf 91' lang='lat' dir='ltr'>choro</span> <span class='ocrx_word' id='word_1_61' title='bbox 1211 2324 1274 2389; x_wconf 88' lang='lat' dir='ltr'>his-</span> 
     </span>
     <span class='ocr_line' id='line_1_9' title="bbox 112 2421 1274 2528; baseline -0.002 -20"><span class='ocrx_word' id='word_1_62' title='bbox 112 2446 232 2508; x_wconf 89' lang='lat' dir='ltr'>triones</span> <span class='ocrx_word' id='word_1_63' title='bbox 268 2445 299 2508; x_wconf 93' lang='lat' dir='ltr'>in</span> <span class='ocrx_word' id='word_1_64' title='bbox 334 2421 494 2510; x_wconf 77' lang='lat' dir='ltr'>orchestra</span> <span class='ocrx_word' id='word_1_65' title='bbox 524 2446 647 2512; x_wconf 84' lang='lat' dir='ltr'>fabulas</span> <span class='ocrx_word' id='word_1_66' title='bbox 687 2447 797 2528; x_wconf 80' lang='lat' dir='ltr'>egisse,</span> <span class='ocrx_word' id='word_1_67' title='bbox 827 2445 1044 2526; x_wconf 91' lang='lat' dir='ltr'>Doerpieidius</span> <span class='ocrx_word' id='word_1_68' title='bbox 1079 2443 1274 2509; x_wconf 87' lang='lat' dir='ltr'>doctissimus</span> 
     </span>
     <span class='ocr_line' id='line_1_10' title="bbox 111 2560 1275 2645; baseline 0 -21"><span class='ocrx_word' id='word_1_69' title='bbox 111 2560 163 2626; x_wconf 91' lang='lat' dir='ltr'>iile</span> <span class='ocrx_word' id='word_1_70' title='bbox 194 2561 383 2627; x_wconf 86' lang='lat' dir='ltr'>architectus</span> <span class='ocrx_word' id='word_1_71' title='bbox 410 2581 490 2644; x_wconf 88' lang='lat' dir='ltr'>quae</span> <span class='ocrx_word' id='word_1_72' title='bbox 518 2564 548 2627; x_wconf 93' lang='lat' dir='ltr'>in</span> <span class='ocrx_word' id='word_1_73' title='bbox 579 2564 707 2645; x_wconf 90' lang='lat' dir='ltr'>Dionysi</span> <span class='ocrx_word' id='word_1_74' title='bbox 738 2564 861 2628; x_wconf 89' lang='lat' dir='ltr'>theatro</span> <span class='ocrx_word' id='word_1_75' title='bbox 888 2562 1070 2627; x_wconf 85' lang='lat' dir='ltr'>Atheniensi</span> <span class='ocrx_word' id='word_1_76' title='bbox 1096 2562 1178 2625; x_wconf 93' lang='lat' dir='ltr'>etin</span> <span class='ocrx_word' id='word_1_77' title='bbox 1201 2561 1275 2642; x_wconf 81' lang='lat' dir='ltr'>Epi·</span> 
     </span>
     <span class='ocr_line' id='line_1_11' title="bbox 112 2680 1274 2763; baseline -0.001 -20"><span class='ocrx_word' id='word_1_78' title='bbox 112 2680 240 2745; x_wconf 86' lang='lat' dir='ltr'>daurico</span> <span class='ocrx_word' id='word_1_79' title='bbox 264 2680 387 2745; x_wconf 88' lang='lat' dir='ltr'>theatro</span> <span class='ocrx_word' id='word_1_80' title='bbox 410 2680 543 2763; x_wconf 85' lang='lat' dir='ltr'>detexit,</span> <span class='ocrx_word' id='word_1_81' title='bbox 572 2683 654 2746; x_wconf 88' lang='lat' dir='ltr'>illam</span> <span class='ocrx_word' id='word_1_82' title='bbox 684 2682 871 2746; x_wconf 86' lang='lat' dir='ltr'>sententiam</span> <span class='ocrx_word' id='word_1_83' title='bbox 898 2680 1099 2746; x_wconf 88' lang='lat' dir='ltr'>confirmasse</span> <span class='ocrx_word' id='word_1_84' title='bbox 1119 2680 1274 2744; x_wconf 84' lang='lat' dir='ltr'>videntur.</span> 
     </span>
     <span class='ocr_line' id='line_1_12' title="bbox 113 2797 1274 2880; baseline -0.001 -19"><span class='ocrx_word' id='word_1_85' title='bbox 113 2797 202 2874; x_wconf 82' lang='lat' dir='ltr'>Quae</span> <span class='ocrx_word' id='word_1_86' title='bbox 232 2799 258 2861; x_wconf 88' lang='lat' dir='ltr'>si</span> <span class='ocrx_word' id='word_1_87' title='bbox 287 2803 372 2862; x_wconf 86' lang='lat' dir='ltr'>recta</span> <span class='ocrx_word' id='word_1_88' title='bbox 401 2804 515 2878; x_wconf 91' lang='lat' dir='ltr'>essent,</span> <span class='ocrx_word' id='word_1_89' title='bbox 543 2800 695 2879; x_wconf 88' lang='lat' dir='ltr'>permulta</span> <span class='ocrx_word' id='word_1_90' title='bbox 724 2817 803 2880; x_wconf 85' lang='lat' dir='ltr'>quae</span> <span class='ocrx_word' id='word_1_91' title='bbox 832 2798 931 2862; x_wconf 84' lang='lat' dir='ltr'>adhuc</span> <span class='ocrx_word' id='word_1_92' title='bbox 953 2798 991 2862; x_wconf 92' lang='lat' dir='ltr'>de</span> <span class='ocrx_word' id='word_1_93' title='bbox 1013 2798 1104 2862; x_wconf 91' lang='lat' dir='ltr'>rebus</span> <span class='ocrx_word' id='word_1_94' title='bbox 1127 2798 1274 2861; x_wconf 86' lang='lat' dir='ltr'>scaenicis</span> 
     </span>
     <span class='ocr_line' id='line_1_13' title="bbox 112 2913 1275 2996; baseline 0.001 -20"><span class='ocrx_word' id='word_1_95' title='bbox 112 2913 172 2977; x_wconf 88' lang='lat' dir='ltr'>viri</span> <span class='ocrx_word' id='word_1_96' title='bbox 203 2913 285 2977; x_wconf 90' lang='lat' dir='ltr'>docti</span> <span class='ocrx_word' id='word_1_97' title='bbox 313 2915 343 2977; x_wconf 94' lang='lat' dir='ltr'>in</span> <span class='ocrx_word' id='word_1_98' title='bbox 378 2914 531 2995; x_wconf 90' lang='lat' dir='ltr'>pubiicum</span> <span class='ocrx_word' id='word_1_99' title='bbox 567 2915 775 2996; x_wconf 84' lang='lat' dir='ltr'>proferebant,</span> <span class='ocrx_word' id='word_1_100' title='bbox 806 2915 911 2979; x_wconf 85' lang='lat' dir='ltr'>inania</span> <span class='ocrx_word' id='word_1_101' title='bbox 939 2914 1021 2978; x_wconf 84' lang='lat' dir='ltr'>facta</span> <span class='ocrx_word' id='word_1_102' title='bbox 1050 2920 1156 2979; x_wconf 88' lang='lat' dir='ltr'>essent</span> <span class='ocrx_word' id='word_1_103' title='bbox 1182 2919 1275 2994; x_wconf 85' lang='lat' dir='ltr'>atque</span> 
     </span>
     <span class='ocr_line' id='line_1_14' title="bbox 114 3029 1275 3114; baseline -0.002 -20"><span class='ocrx_word' id='word_1_104' title='bbox 114 3048 234 3094; x_wconf 88' lang='lat' dir='ltr'>eversa.</span> <span class='ocrx_word' id='word_1_105' title='bbox 275 3029 367 3095; x_wconf 90' lang='lat' dir='ltr'>Unde</span> <span class='ocrx_word' id='word_1_106' title='bbox 395 3030 501 3110; x_wconf 84' lang='lat' dir='ltr'>fiebat,</span> <span class='ocrx_word' id='word_1_107' title='bbox 532 3036 568 3096; x_wconf 92' lang='lat' dir='ltr'>ut</span> <span class='ocrx_word' id='word_1_108' title='bbox 597 3050 653 3097; x_wconf 90' lang='lat' dir='ltr'>nos</span> <span class='ocrx_word' id='word_1_109' title='bbox 685 3050 818 3114; x_wconf 82' lang='lat' dir='ltr'>quoque,</span> <span class='ocrx_word' id='word_1_110' title='bbox 840 3032 892 3112; x_wconf 91' lang='lat' dir='ltr'>qui</span> <span class='ocrx_word' id='word_1_111' title='bbox 914 3031 987 3111; x_wconf 90' lang='lat' dir='ltr'>quid</span> <span class='ocrx_word' id='word_1_112' title='bbox 1011 3050 1047 3095; x_wconf 84' lang='lat' dir='ltr'>en</span> <span class='ocrx_word' id='word_1_113' title='bbox 1070 3031 1144 3112; x_wconf 91' lang='lat' dir='ltr'>ipsis</span> <span class='ocrx_word' id='word_1_114' title='bbox 1163 3030 1275 3094; x_wconf 79' lang='lat' dir='ltr'>fabulis</span> 
     </span>
     <span class='ocr_line' id='line_1_15' title="bbox 115 3145 1277 3226; baseline -0.002 -16"><span class='ocrx_word' id='word_1_115' title='bbox 115 3146 155 3211; x_wconf 92' lang='lat' dir='ltr'>de</span> <span class='ocrx_word' id='word_1_116' title='bbox 188 3145 381 3211; x_wconf 83' lang='lat' dir='ltr'>Graecorum</span> <span class='ocrx_word' id='word_1_117' title='bbox 413 3147 506 3212; x_wconf 89' lang='lat' dir='ltr'>rebus</span> <span class='ocrx_word' id='word_1_118' title='bbox 536 3151 684 3213; x_wconf 88' lang='lat' dir='ltr'>scaenicis</span> <span class='ocrx_word' id='word_1_119' title='bbox 721 3149 964 3213; x_wconf 83' lang='lat' dir='ltr'>concludendum</span> <span class='ocrx_word' id='word_1_120' title='bbox 985 3153 1067 3212; x_wconf 88' lang='lat' dir='ltr'>esset</span> <span class='ocrx_word' id='word_1_121' title='bbox 1089 3147 1277 3226; x_wconf 83' lang='lat' dir='ltr'>investigare</span> 
     </span>
     <span class='ocr_line' id='line_1_16' title="bbox 42 3264 1277 3346; baseline 0.002 -20"><span class='ocrx_word' id='word_1_122' title='bbox 42 3281 47 3286; x_wconf 93' lang='lat'>·</span> <span class='ocrx_word' id='word_1_123' title='bbox 115 3280 326 3343; x_wconf 89' lang='lat' dir='ltr'>coeperamus,</span> <span class='ocrx_word' id='word_1_124' title='bbox 362 3266 453 3345; x_wconf 89' lang='lat' dir='ltr'>quasi</span> <span class='ocrx_word' id='word_1_125' title='bbox 482 3265 570 3329; x_wconf 89' lang='lat' dir='ltr'>inviti</span> <span class='ocrx_word' id='word_1_126' title='bbox 603 3267 642 3329; x_wconf 91' lang='lat' dir='ltr'>ad</span> <span class='ocrx_word' id='word_1_127' title='bbox 676 3284 726 3329; x_wconf 90' lang='lat' dir='ltr'>res</span> <span class='ocrx_word' id='word_1_128' title='bbox 753 3266 1001 3345; x_wconf 81' lang='lat' dir='ltr'>archaeolugioas</span> <span class='ocrx_word' id='word_1_129' title='bbox 1028 3264 1277 3346; x_wconf 86' lang='lat' dir='ltr'>produceremur.</span> 
     </span>
     <span class='ocr_line' id='line_1_17' title="bbox 31 3357 1278 3463; baseline -0.002 -19"><span class='ocrx_word' id='word_1_130' title='bbox 31 3357 34 3361; x_wconf 9' lang='grc' dir='ltr'><em>Δ</em></span> <span class='ocrx_word' id='word_1_131' title='bbox 114 3380 226 3460; x_wconf 87' lang='lat' dir='ltr'>Neque</span> <span class='ocrx_word' id='word_1_132' title='bbox 252 3380 333 3444; x_wconf 91' lang='lat' dir='ltr'>enirn</span> <span class='ocrx_word' id='word_1_133' title='bbox 349 3380 507 3445; x_wconf 86' lang='lat' dir='ltr'>facilefuit</span> <span class='ocrx_word' id='word_1_134' title='bbox 530 3382 618 3447; x_wconf 91' lang='lat' dir='ltr'>nobis</span> <span class='ocrx_word' id='word_1_135' title='bbox 640 3383 741 3448; x_wconf 91' lang='lat' dir='ltr'>minus</span> <span class='ocrx_word' id='word_1_136' title='bbox 750 3384 859 3463; x_wconf 92' lang='lat' dir='ltr'>peritis</span> <span class='ocrx_word' id='word_1_137' title='bbox 877 3382 955 3446; x_wconf 88' lang='lat' dir='ltr'>hanc</span> <span class='ocrx_word' id='word_1_138' title='bbox 978 3383 1092 3446; x_wconf 91' lang='lat' dir='ltr'>iurem</span> <span class='ocrx_word' id='word_1_139' title='bbox 1115 3380 1278 3461; x_wconf 90' lang='lat' dir='ltr'>inquirere,</span> 
     </span>
     <span class='ocr_line' id='line_1_18' title="bbox 116 3495 1277 3582; baseline 0 -24"><span class='ocrx_word' id='word_1_140' title='bbox 116 3497 303 3578; x_wconf 88' lang='lat' dir='ltr'>praesertim</span> <span class='ocrx_word' id='word_1_141' title='bbox 334 3514 403 3560; x_wconf 88' lang='lat' dir='ltr'>cum</span> <span class='ocrx_word' id='word_1_142' title='bbox 432 3498 498 3582; x_wconf 85' lang='lat' dir='ltr'>ipse</span> <span class='ocrx_word' id='word_1_143' title='bbox 525 3497 743 3579; x_wconf 89' lang='lat' dir='ltr'>Doerpfeidius</span> <span class='ocrx_word' id='word_1_144' title='bbox 765 3497 841 3562; x_wconf 91' lang='lat' dir='ltr'>nihil</span> <span class='ocrx_word' id='word_1_145' title='bbox 864 3497 902 3562; x_wconf 89' lang='lat' dir='ltr'>de</span> <span class='ocrx_word' id='word_1_146' title='bbox 921 3498 979 3562; x_wconf 91' lang='lat' dir='ltr'>hac</span> <span class='ocrx_word' id='word_1_147' title='bbox 999 3517 1033 3563; x_wconf 91' lang='lat' dir='ltr'>re</span> <span class='ocrx_word' id='word_1_148' title='bbox 1054 3496 1157 3560; x_wconf 87' lang='lat' dir='ltr'>adhuc</span> <span class='ocrx_word' id='word_1_149' title='bbox 1176 3495 1277 3576; x_wconf 89' lang='lat' dir='ltr'>puhli-</span> 
     </span>
     <span class='ocr_line' id='line_1_19' title="bbox 118 3611 1278 3696; baseline 0 -21"><span class='ocrx_word' id='word_1_150' title='bbox 118 3612 263 3692; x_wconf 83' lang='lat' dir='ltr'>cavisset,</span> <span class='ocrx_word' id='word_1_151' title='bbox 291 3619 324 3677; x_wconf 90' lang='lat' dir='ltr'>ut</span> <span class='ocrx_word' id='word_1_152' title='bbox 353 3631 432 3696; x_wconf 88' lang='lat' dir='ltr'>quae</span> <span class='ocrx_word' id='word_1_153' title='bbox 462 3613 663 3679; x_wconf 84' lang='lat' dir='ltr'>Kaweravius</span> <span class='ocrx_word' id='word_1_154' title='bbox 689 3620 719 3679; x_wconf 87' lang='lat' dir='ltr'>in</span> <span class='ocrx_word' id='word_1_155' title='bbox 744 3615 949 3679; x_wconf 88' lang='lat' dir='ltr'>Baumeisteri</span> <span class='ocrx_word' id='word_1_156' title='bbox 971 3612 1179 3678; x_wconf 92' lang='lat' dir='ltr'>monumentis</span> <span class='ocrx_word' id='word_1_157' title='bbox 1191 3611 1215 3694; x_wconf 75' lang='lat'>²)</span> <span class='ocrx_word' id='word_1_158' title='bbox 1240 3612 1278 3676; x_wconf 90' lang='lat' dir='ltr'>de</span> 
     </span>
    </p>
   </div>
   <div class='ocr_carea' id='block_1_3' title="bbox 117 3873 1279 4384">
    <p class='ocr_par' dir='ltr' id='par_1_3' title="bbox 117 3873 1278 4032">
     <span class='ocr_line' id='line_1_20' title="bbox 189 3873 1278 3947; baseline -0.002 -18"><span class='ocrx_word' id='word_1_159' title='bbox 189 3879 215 3944; x_wconf 87' lang='lat' dir='ltr'>i)</span> <span class='ocrx_word' id='word_1_160' title='bbox 233 3876 352 3930; x_wconf 89' lang='lat' dir='ltr'>Iulius</span> <span class='ocrx_word' id='word_1_161' title='bbox 371 3877 554 3947; x_wconf 84' lang='lat' dir='ltr'>Hoepken:</span> <span class='ocrx_word' id='word_1_162' title='bbox 573 3879 608 3933; x_wconf 91' lang='lat' dir='ltr'>de</span> <span class='ocrx_word' id='word_1_163' title='bbox 625 3879 734 3933; x_wconf 84' lang='lat' dir='ltr'>theatro</span> <span class='ocrx_word' id='word_1_164' title='bbox 758 3878 850 3932; x_wconf 79' lang='lat' dir='ltr'>Attico</span> <span class='ocrx_word' id='word_1_165' title='bbox 869 3876 972 3931; x_wconf 87' lang='lat' dir='ltr'>saeculi</span> <span class='ocrx_word' id='word_1_166' title='bbox 990 3894 1014 3931; x_wconf 87' lang='lat' dir='ltr'>a.</span> <span class='ocrx_word' id='word_1_167' title='bbox 1036 3876 1096 3930; x_wconf 83' lang='lat' dir='ltr'>Chr.</span> <span class='ocrx_word' id='word_1_168' title='bbox 1118 3873 1151 3927; x_wconf 84' lang='lat' dir='ltr'>V.</span> <span class='ocrx_word' id='word_1_169' title='bbox 1172 3873 1278 3927; x_wconf 84' lang='lat' dir='ltr'>dissert.</span> 
     </span>
     <span class='ocr_line' id='line_1_21' title="bbox 117 3961 536 4032; baseline 0.012 -17"><span class='ocrx_word' id='word_1_170' title='bbox 117 3961 213 4032; x_wconf 82' lang='lat' dir='ltr'>inaug.</span> <span class='ocrx_word' id='word_1_171' title='bbox 232 3964 343 4018; x_wconf 86' lang='lat' dir='ltr'>Bonnae</span> <span class='ocrx_word' id='word_1_172' title='bbox 363 3965 437 4019; x_wconf 86' lang='grc'><strong>1886.</strong></span> <span class='ocrx_word' id='word_1_173' title='bbox 533 3967 536 3973; x_wconf 71' lang='grc'><strong><em>’</em></strong></span> 
     </span>
    </p>

    <p class='ocr_par' dir='ltr' id='par_1_4' title="bbox 118 4045 1279 4384">
     <span class='ocr_line' id='line_1_22' title="bbox 187 4045 1278 4117; baseline -0.004 -14"><span class='ocrx_word' id='word_1_174' title='bbox 187 4050 215 4117; x_wconf 85' lang='grc'>2)</span> <span class='ocrx_word' id='word_1_175' title='bbox 243 4049 274 4104; x_wconf 83' lang='lat' dir='ltr'>G.</span> <span class='ocrx_word' id='word_1_176' title='bbox 305 4050 473 4105; x_wconf 84' lang='lat' dir='ltr'>Kawerau</span> <span class='ocrx_word' id='word_1_177' title='bbox 508 4051 536 4105; x_wconf 92' lang='lat' dir='ltr'>in</span> <span class='ocrx_word' id='word_1_178' title='bbox 562 4050 788 4105; x_wconf 78' lang='lat' dir='ltr'>Boumeisier</span> <span class='ocrx_word' id='word_1_179' title='bbox 825 4048 990 4102; x_wconf 75' lang='lat' dir='ltr'>Denkmtiler</span> <span class='ocrx_word' id='word_1_180' title='bbox 1027 4047 1073 4101; x_wconf 71' lang='lat' dir='ltr'>dea</span> <span class='ocrx_word' id='word_1_181' title='bbox 1111 4045 1278 4100; x_wconf 83' lang='lat' dir='ltr'>klasaischen</span> 
     </span>
     <span class='ocr_line' id='line_1_23' title="bbox 121 4133 1278 4207; baseline -0.004 -18"><span class='ocrx_word' id='word_1_182' title='bbox 121 4136 293 4192; x_wconf 82' lang='lat' dir='ltr'>Alterthums</span> <span class='ocrx_word' id='word_1_183' title='bbox 316 4138 366 4201; x_wconf 93' lang='lat' dir='ltr'>III,</span> <span class='ocrx_word' id='word_1_184' title='bbox 391 4157 416 4207; x_wconf 92' lang='lat' dir='ltr'>p.</span> <span class='ocrx_word' id='word_1_185' title='bbox 436 4138 503 4192; x_wconf 84' lang='lat'>1730</span> <span class='ocrx_word' id='word_1_186' title='bbox 529 4156 587 4206; x_wconf 88' lang='lat' dir='ltr'>sqq.</span> <span class='ocrx_word' id='word_1_187' title='bbox 606 4156 625 4191; x_wconf 85' lang='lat' dir='ltr'>s.</span> <span class='ocrx_word' id='word_1_188' title='bbox 646 4156 669 4192; x_wconf 85' lang='lat' dir='ltr'>v.</span> <span class='ocrx_word' id='word_1_189' title='bbox 697 4135 950 4205; x_wconf 77' lang='lat' dir='ltr'>Theatergeb&#39;aude.</span> <span class='ocrx_word' id='word_1_190' title='bbox 986 4135 1027 4187; x_wconf 89' lang='lat' dir='ltr'>Ac</span> <span class='ocrx_word' id='word_1_191' title='bbox 1049 4133 1172 4187; x_wconf 80' lang='lat' dir='ltr'>conferas</span> <span class='ocrx_word' id='word_1_192' title='bbox 1197 4133 1278 4190; x_wconf 84' lang='lat' dir='ltr'>velim</span> 
     </span>
     <span class='ocr_line' id='line_1_24' title="bbox 118 4219 1279 4295; baseline -0.005 -17"><span class='ocrx_word' id='word_1_193' title='bbox 118 4241 189 4292; x_wconf 83' lang='lat' dir='ltr'>quae</span> <span class='ocrx_word' id='word_1_194' title='bbox 208 4224 242 4279; x_wconf 91' lang='lat' dir='ltr'>de</span> <span class='ocrx_word' id='word_1_195' title='bbox 267 4225 398 4295; x_wconf 86' lang='lat' dir='ltr'>Dionysio</span> <span class='ocrx_word' id='word_1_196' title='bbox 423 4225 533 4279; x_wconf 79' lang='lat' dir='ltr'>theatro</span> <span class='ocrx_word' id='word_1_197' title='bbox 557 4222 717 4278; x_wconf 86' lang='lat' dir='ltr'>disseruerit</span> <span class='ocrx_word' id='word_1_198' title='bbox 740 4222 784 4274; x_wconf 91' lang='lat' dir='ltr'>W.</span> <span class='ocrx_word' id='word_1_199' title='bbox 804 4220 957 4275; x_wconf 87' lang='lat' dir='ltr'>Vischer</span> <span class='ocrx_word' id='word_1_200' title='bbox 975 4219 1004 4272; x_wconf 90' lang='lat' dir='ltr'>in</span> <span class='ocrx_word' id='word_1_201' title='bbox 1021 4221 1111 4273; x_wconf 86' lang='lat' dir='ltr'>Neues</span> <span class='ocrx_word' id='word_1_202' title='bbox 1130 4219 1279 4273; x_wconf 86' lang='lat' dir='ltr'>Schweize-</span> 
     </span>
     <span class='ocr_line' id='line_1_25' title="bbox 119 4311 693 4384; baseline -0.005 -20"><span class='ocrx_word' id='word_1_203' title='bbox 119 4312 220 4367; x_wconf 85' lang='lat' dir='ltr'>rieohes</span> <span class='ocrx_word' id='word_1_204' title='bbox 238 4312 361 4367; x_wconf 86' lang='lat' dir='ltr'>Museum</span> <span class='ocrx_word' id='word_1_205' title='bbox 382 4313 421 4366; x_wconf 84' lang='grc' dir='ltr'>ΙΙΙ</span> <span class='ocrx_word' id='word_1_206' title='bbox 439 4315 530 4384; x_wconf 83' lang='grc'>(1863)</span> <span class='ocrx_word' id='word_1_207' title='bbox 548 4329 574 4380; x_wconf 89' lang='lat' dir='ltr'>p.</span> <span class='ocrx_word' id='word_1_208' title='bbox 593 4311 626 4364; x_wconf 83' lang='lat'>69</span> <span class='ocrx_word' id='word_1_209' title='bbox 635 4327 693 4376; x_wconf 88' lang='lat' dir='ltr'>sqq.</span> 
     </span>
    </p>
   </div>
   <div class='ocr_carea' id='block_1_4' title="bbox 0 0 1637 5200">
    <p class='ocr_par' dir='ltr' id='par_1_5' title="bbox 0 0 1637 5200">
     <span class='ocr_line' id='line_1_26' title="bbox 0 0 1637 5200; baseline 0 0"><span class='ocrx_word' id='word_1_210' title='bbox 0 0 1637 5200; x_wconf 95' lang='lat' dir='ltr'> </span> 
     </span>
    </p>
   </div>
  </div>
 </body>
</html>
