3225 5200
327 667 469 735 deludis
491 667 639 733 scaenicis
670 666 746 734 nihil
770 666 1003 748 comperiamus.
1046 669 1151 749 Ipsam
1173 668 1327 749 thymelen
1356 667 1485 732 lerinam

327 768 450 835 humilis
469 773 635 849 suggestus
658 767 809 849 praebere
823 767 914 831 medo
930 768 1074 848 diximus
1096 769 1182 833 cuius
1197 770 1235 833 de
1258 769 1360 849 speeie
1382 773 1486 832 utrum

328 869 429 951 ampla
451 885 490 932 an
512 872 650 947 angusta
672 867 715 932 sit
737 866 880 948 equidem
903 865 1072 932 diiudicare
1092 885 1153 931 nun
1176 868 1276 931 ausim
1291 866 1327 950 ¹).

410 983 590 1050 Ceterarum
612 985 804 1064 picturarum
826 1001 917 1046 unam
940 983 1112 1064 tibicinem,
1139 983 1271 1047 alteram
1293 982 1488 1047 citharistam

327 1083 359 1148 in
385 1074 519 1164 thymele
540 1087 715 1148 versantem
738 1080 885 1147 exhibere
914 1083 974 1148 iarn
1001 1083 1319 1158 commemoravimus3
1347 1101 1429 1163 quae
1452 1100 1489 1146 eo

328 1183 529 1249 consentiunt
558 1183 638 1265 qued
666 1182 745 1246 duos
773 1186 908 1262 utraque
935 1183 1022 1247 iuxta
1052 1182 1206 1264 thymelen
1227 1190 1390 1247 versantes
1412 1183 1490 1263 ῥαβ-

329 1284 498 1364 δούχουςῖ)
520 1282 666 1348 ostendit.
706 1281 817 1365 Neque
837 1281 896 1346 hae
914 1282 975 1346 ullu
997 1282 1087 1346 modu
1103 1282 1197 1362 ampli
1218 1281 1333 1363 pulpiti
1354 1281 1489 1361 speciem

328 1382 495 1465 praebent,
526 1399 660 1463 quarum
682 1382 780 1461 una⁸l
812 1380 944 1445 dilucide
965 1381 1097 1446 termam
1120 1399 1194 1445 arae
1215 1380 1389 1462 quadratae
1411 1381 1489 1444 satis

329 1482 429 1562 altae,
460 1482 491 1545 in
522 1499 586 1565 quu
616 1480 728 1545 tibicen
762 1485 844 1558 stat,
878 1479 977 1544 altera
989 1480 1015 1562 ⁴)
1055 1480 1178 1545 humilis
1207 1485 1389 1561 suggestus,
1426 1498 1489 1561 quo

329 1579 482 1646 barbatus
504 1579 668 1644 citharista
691 1597 746 1644 sua
761 1580 837 1660 agit,
859 1579 1020 1655 exhibeam
1041 1581 1216 1661 ῥαβδοῦχοι
1235 1580 1280 1645 illi
1300 1580 1400 1660 primo
1421 1579 1489 1644 locu

329 1682 360 1745 in
383 1680 467 1745 sellis
489 1679 650 1760 sedentes,
671 1679 771 1744 alteru
795 1685 917 1744 stantes
938 1677 1108 1759 finguntur.

414 1798 582 1862 Videamus
613 1814 710 1876 nunc,
746 1796 820 1877 quid
852 1814 889 1860 ex
918 1796 966 1860 his
1000 1796 1129 1877 picturis
1159 1797 1400 1862 concludendum
1439 1797 1489 1862 sit.

332 1897 431 1963 Semel
453 1902 575 1961 tantum
598 1894 751 1959 huminem
773 1896 940 1960 chureutue
961 1896 1089 1960 similem
1112 1896 1143 1961 in
1165 1896 1299 1977 thymele
1315 1902 1489 1961 versantem

330 1995 471 2068 vidimus,
494 2013 553 2076 qun
575 1996 642 2059 lucu
664 1995 704 2060 de
725 1996 842 2059 theatri
864 1994 997 2077 thymele
1013 1996 1095 2059 iustu
1113 1997 1179 2060 iure
1193 1997 1394 2061 dubitandum
1411 2001 1490 2076 erat,

331 2095 400 2160 aliis
423 2114 500 2177 ques
525 2096 733 2161 afferebamus
760 2096 836 2160 lucis
858 2095 942 2160 chori
963 2097 994 2159 iu
1015 2096 1134 2177 pulpito
1157 2098 1302 2161 saltantis
1324 2098 1489 2178 vestigium

331 2195 448 2260 nullum
470 2196 649 2260 invenimus.
686 2195 767 2272 Quid
782 2195 882 2275 ergo?
909 2214 981 2259 num
1003 2197 1182 2276 putabimus
1199 2197 1334 2262 Graecus
1356 2198 1490 2262 artifices

331 2295 362 2358 in
392 2294 585 2375 depingenda
607 2293 761 2375 thymele,
788 2296 904 2377 quippe
925 2312 1017 2375 quam
1036 2294 1200 2375 pulpitum
1228 2297 1365 2377 amplum
1395 2304 1491 2378 atque

333 2395 429 2457 altum
454 2392 540 2458 cheri
563 2394 720 2474 preprium
742 2393 868 2458 finxerit
889 2393 1086 2468 Wieselerus,
1112 2414 1216 2459 omues
1239 2396 1309 2460 illus
1330 2396 1490 2461 duodecim

333 2493 381 2557 vel
403 2493 575 2573 quindecim
601 2493 765 2558 choreutas
790 2494 882 2574 plane
903 2494 1068 2559 emisisse?
1095 2493 1272 2558 incredibile
1294 2496 1325 2559 id
1348 2495 1490 2577 quidem!

334 2612 389 2674 nec
416 2593 477 2656 iam
507 2592 682 2674 dubitabis,
709 2592 784 2674 quin
815 2613 959 2659 vasorum
987 2594 1144 2675 picturae,
1175 2596 1314 2677 quamvis
1342 2597 1490 2661 minorem

333 2691 540 2773 persuadendi
568 2693 629 2756 vim
660 2693 813 2773 habeant,
838 2712 894 2775 pru
921 2694 1082 2758 Wieseleri
1112 2696 1258 2776 opinione
1286 2715 1325 2760 ne
1352 2697 1491 2760 umbram

334 2792 458 2874 quidem
480 2794 655 2873 argumenti
678 2792 821 2858 afferant.

334 2990 429 3045 abteil.
449 2991 477 3053 2,
499 3008 526 3058 p.
545 2990 596 3045 588
614 2988 642 3042 in
661 2988 812 3058 adnotat),
835 3006 888 3057 que
906 2989 1070 3044 sententiam
1089 3008 1170 3058 quam
1194 3008 1242 3044 nos
1262 2991 1412 3061 recepimus
1429 3011 1492 3063 pro·

334 3077 413 3140 tulit,
432 3094 492 3131 cum
511 3077 600 3130 altere
618 3075 689 3130 vasis
709 3094 782 3145 pars,
804 3093 886 3143 quam
905 3076 1032 3131 Panullra
1048 3076 1066 3132 l.
1086 3077 1103 3130 l.
1123 3077 1169 3141 lV,
1193 3079 1222 3130 10
1240 3077 1379 3146 depinxit,
1398 3081 1492 3148 aperte

335 3164 369 3217 ad
387 3163 594 3233 dithyrambum
613 3165 726 3231 spectet.

404 3280 431 3348 1)
448 3278 670 3334 Wiaaelerus
690 3279 953 3349 (Bdhnendenkmdl.
974 3298 999 3348 p.
1012 3279 1053 3344 34,
1065 3283 1092 3347 7)
1109 3280 1176 3334 satis
1193 3280 1324 3335 audacter
1337 3281 1491 3336 contendit:

338 3367 434 3419 »comit
448 3364 534 3419 huben
552 3366 603 3419 wir
617 3405 709 3421 .....
733 3383 785 3419 uns
808 3365 859 3419 dua
880 3364 1021 3420 scheinbar
1043 3367 1128 3420 kleiue
1149 3366 1248 3420 Gerasi
1267 3368 1310 3421 ula
1328 3383 1381 3421 uon
1398 3366 1492 3421 bedeu-

336 3450 439 3505 tendem
463 3452 596 3521 Umfunqe
611 3469 645 3506 au
663 3451 788 3507 denhem«

404 3568 431 3635 2)
452 3569 487 3622 cf.
505 3568 615 3625 schel.
634 3569 770 3625 Platon.
790 3588 815 3639 p.
834 3570 880 3634 99,
905 3570 1016 3624 Ruhnk.
1035 3570 1174 3638 ῥαβδοῑχοι
1193 3569 1282 3641 ἄνδρες
1298 3570 1343 3637 τῆς
1360 3571 1412 3623 τῶν
1431 3574 1493 3624 θεά-

336 3675 403 3725 τρων
419 3658 549 3716 εὐκοσμίας
568 3657 769 3718 ἐπιμελούμενοι,
788 3655 836 3724 qui
854 3655 924 3710 alias
941 3657 1091 3727 ῥαβδοφόροι
1108 3659 1249 3710 vocantur.

404 3772 432 3841 3)
450 3772 579 3827 Wiesel.
598 3773 617 3825 l.
634 3774 652 3828 l.
672 3774 759 3828 tabul.
773 3774 847 3837 IV,6
866 3774 913 3842 qui
933 3774 961 3826 in
980 3773 1157 3828 describenda
1174 3790 1207 3828 ea
1223 3773 1265 3828 his
1283 3774 1373 3828 utitur
1391 3775 1494 3829 verbis:

338 3859 481 3928 »Thymele
500 3875 570 3928 puna
587 3876 638 3915 uun
658 3859 706 3914 der
723 3862 809 3915 Form
829 3862 900 3914 eines
918 3862 1028 3914 Altera«
1049 3861 1077 3927 (l.
1095 3860 1112 3915 1.
1130 3878 1156 3929 p.
1178 3861 1218 3925 34,
1234 3862 1269 3928 6).
1305 3862 1419 3915 eandem
1438 3863 1495 3916 fere

337 3944 472 4014 thymeles
490 3947 605 3999 formam
625 3948 796 4001 demonstrat
814 3946 924 4015 pictura
943 3947 1078 4013 quaedam
1096 3947 1168 4014 apud
1188 3946 1391 4001 Gerbardum
1411 3949 1426 4002 l.
1440 3949 1457 4004 l.
1475 3950 1496 4003 Ι.

337 4031 423 4086 tabul.
441 4032 483 4097 68,
501 4033 535 4086 de
554 4050 609 4101 qua
627 4034 668 4086 vir
686 4035 780 4087 duetus
798 4033 870 4087 hane
888 4031 994 4103 profert
1012 4033 1178 4087 sententiam
1195 4033 1232 4098 (I,
1250 4051 1315 4104 pag.
1335 4035 1409 4103 195):
1438 4037 1496 4090 >ala

337 4119 501 4186 apolliulsch
516 4117 671 4173 bezeichnen
690 4121 742 4173 wir
760 4120 836 4173 einen
850 4119 991 4183 Herakles,
1010 4117 1057 4171 der
1073 4120 1294 4188 kitburapielend‚
1314 4122 1364 4176 mit
1382 4122 1496 4177 Ldmen·

338 4204 420 4264 hunt,
441 4204 550 4259 chher
568 4204 625 4258 und
643 4204 763 4260 Schmcrt
779 4207 929 4275 unyctbun,
947 4205 992 4258 die
1013 4206 1136 4274 Thymele
1153 4203 1269 4258 detritu«.

407 4323 433 4391 4)
452 4323 613 4377 Panofka
634 4323 651 4377 1.
671 4324 689 4377 l.
707 4323 794 4378 tabul.
814 4323 860 4388 IV,
878 4324 895 4377 8
917 4323 964 4390 qui
982 4340 1041 4378 eam
1063 4324 1211 4392 ›Tribuene
1231 4322 1341 4391 (dquam
1365 4327 1495 4395 appellat.
