<?xml version="1.0" encoding="UTF-8"?>
<!DOCTYPE html PUBLIC "-//W3C//DTD XHTML 1.0 Transitional//EN"
    "http://www.w3.org/TR/xhtml1/DTD/xhtml1-transitional.dtd">
<html xmlns="http://www.w3.org/1999/xhtml" xml:lang="en" lang="en">
 <head>
  <title>
</title>
<meta http-equiv="Content-Type" content="text/html;charset=utf-8" />
  <meta name='ocr-system' content='tesseract 3.04.00' />
  <meta name='ocr-capabilities' content='ocr_page ocr_carea ocr_par ocr_line ocrx_word'/>
</head>
<body>
  <div class='ocr_page' id='page_1' title='image "./quaestionesscae00harzgoog_0035.png"; bbox 0 0 3225 5200; ppageno 0'>
   <div class='ocr_carea' id='block_1_1' title="bbox 719 480 759 543">
    <p class='ocr_par' dir='ltr' id='par_1_1' title="bbox 719 480 759 543">
     <span class='ocr_line' id='line_1_1' title="bbox 719 480 759 543; baseline 0.025 -1"><span class='ocrx_word' id='word_1_1' title='bbox 719 480 759 543; x_wconf 62' lang='grc' dir='ltr'><em>Ἠ</em></span> 
     </span>
    </p>
   </div>
   <div class='ocr_carea' id='block_1_2' title="bbox 147 644 1306 2326">
    <p class='ocr_par' dir='ltr' id='par_1_2' title="bbox 149 644 1306 1229">
     <span class='ocr_line' id='line_1_2' title="bbox 150 644 1305 734; baseline 0.008 -23"><span class='ocrx_word' id='word_1_2' title='bbox 150 647 255 726; x_wconf 85' lang='lat' dir='ltr'>Neque</span> <span class='ocrx_word' id='word_1_3' title='bbox 276 645 450 710; x_wconf 90' lang='lat' dir='ltr'>inconsulto</span> <span class='ocrx_word' id='word_1_4' title='bbox 465 644 578 710; x_wconf 87' lang='lat' dir='ltr'>Graeci</span> <span class='ocrx_word' id='word_1_5' title='bbox 594 644 718 710; x_wconf 90' lang='lat' dir='ltr'>chorum</span> <span class='ocrx_word' id='word_1_6' title='bbox 736 645 899 711; x_wconf 88' lang='lat' dir='ltr'>humiliore</span> <span class='ocrx_word' id='word_1_7' title='bbox 913 649 981 713; x_wconf 87' lang='lat' dir='ltr'>lucc</span> <span class='ocrx_word' id='word_1_8' title='bbox 1002 650 1195 718; x_wconf 82' lang='lat' dir='ltr'><strong>collocabant</strong></span> <span class='ocrx_word' id='word_1_9' title='bbox 1212 672 1305 734; x_wconf 87' lang='lat' dir='ltr'>quam</span> 
     </span>
     <span class='ocr_line' id='line_1_3' title="bbox 151 747 1305 831; baseline 0.006 -19"><span class='ocrx_word' id='word_1_10' title='bbox 151 767 211 831; x_wconf 87' lang='lat' dir='ltr'>quo</span> <span class='ocrx_word' id='word_1_11' title='bbox 233 748 342 812; x_wconf 90' lang='lat' dir='ltr'>heroes</span> <span class='ocrx_word' id='word_1_12' title='bbox 359 747 408 810; x_wconf 89' lang='lat' dir='ltr'>vel</span> <span class='ocrx_word' id='word_1_13' title='bbox 423 764 512 826; x_wconf 83' lang='lat' dir='ltr'>reges</span> <span class='ocrx_word' id='word_1_14' title='bbox 529 751 740 811; x_wconf 87' lang='lat' dir='ltr'>versarentur.</span> <span class='ocrx_word' id='word_1_15' title='bbox 778 747 858 811; x_wconf 91' lang='lat' dir='ltr'>Nam</span> <span class='ocrx_word' id='word_1_16' title='bbox 881 749 958 813; x_wconf 91' lang='lat' dir='ltr'>satis</span> <span class='ocrx_word' id='word_1_17' title='bbox 975 755 1088 815; x_wconf 89' lang='lat' dir='ltr'>nutum</span> <span class='ocrx_word' id='word_1_18' title='bbox 1109 759 1157 816; x_wconf 91' lang='lat' dir='ltr'>est</span> <span class='ocrx_word' id='word_1_19' title='bbox 1178 753 1305 819; x_wconf 88' lang='lat' dir='ltr'>chorum</span> 
     </span>
     <span class='ocr_line' id='line_1_4' title="bbox 150 846 1306 936; baseline 0.004 -23"><span class='ocrx_word' id='word_1_20' title='bbox 150 866 268 929; x_wconf 80' lang='lat' dir='ltr'><strong>semper</strong></span> <span class='ocrx_word' id='word_1_21' title='bbox 293 846 357 910; x_wconf 85' lang='lat' dir='ltr'>fere</span> <span class='ocrx_word' id='word_1_22' title='bbox 382 852 490 926; x_wconf 88' lang='lat' dir='ltr'>partes</span> <span class='ocrx_word' id='word_1_23' title='bbox 520 847 621 927; x_wconf 86' lang='lat' dir='ltr'>egisse</span> <span class='ocrx_word' id='word_1_24' title='bbox 644 847 847 912; x_wconf 91' lang='lat' dir='ltr'>ministrorun</span> <span class='ocrx_word' id='word_1_25' title='bbox 870 850 918 913; x_wconf 91' lang='lat' dir='ltr'>vel</span> <span class='ocrx_word' id='word_1_26' title='bbox 946 852 1094 914; x_wconf 87' lang='lat' dir='ltr'>comitum</span> <span class='ocrx_word' id='word_1_27' title='bbox 1124 871 1229 918; x_wconf 89' lang='lat' dir='ltr'>eorum</span> <span class='ocrx_word' id='word_1_28' title='bbox 1251 855 1306 936; x_wconf 85' lang='lat' dir='ltr'>qni</span> 
     </span>
     <span class='ocr_line' id='line_1_5' title="bbox 150 947 1304 1034; baseline 0.003 -21"><span class='ocrx_word' id='word_1_29' title='bbox 150 951 178 1013; x_wconf 92' lang='lat' dir='ltr'>in</span> <span class='ocrx_word' id='word_1_30' title='bbox 199 965 312 1012; x_wconf 79' lang='lat' dir='ltr'>scaena</span> <span class='ocrx_word' id='word_1_31' title='bbox 334 947 476 1026; x_wconf 86' lang='lat' dir='ltr'>stabant,</span> <span class='ocrx_word' id='word_1_32' title='bbox 507 953 600 1028; x_wconf 89' lang='lat' dir='ltr'>atque</span> <span class='ocrx_word' id='word_1_33' title='bbox 622 965 660 1010; x_wconf 90' lang='lat' dir='ltr'>ex</span> <span class='ocrx_word' id='word_1_34' title='bbox 686 947 761 1027; x_wconf 89' lang='lat' dir='ltr'>ipsis</span> <span class='ocrx_word' id='word_1_35' title='bbox 783 947 897 1013; x_wconf 85' lang='lat' dir='ltr'>fabulis</span> <span class='ocrx_word' id='word_1_36' title='bbox 918 950 1018 1015; x_wconf 88' lang='lat' dir='ltr'>elucet</span> <span class='ocrx_word' id='word_1_37' title='bbox 1040 950 1126 1015; x_wconf 90' lang='lat' dir='ltr'>chori</span> <span class='ocrx_word' id='word_1_38' title='bbox 1147 954 1304 1034; x_wconf 88' lang='lat' dir='ltr'>proprium</span> 
     </span>
     <span class='ocr_line' id='line_1_6' title="bbox 149 1049 1306 1132; baseline 0.003 -19"><span class='ocrx_word' id='word_1_39' title='bbox 149 1049 242 1113; x_wconf 88' lang='lat' dir='ltr'>fuisse</span> <span class='ocrx_word' id='word_1_40' title='bbox 264 1049 309 1112; x_wconf 88' lang='lat' dir='ltr'>ita</span> <span class='ocrx_word' id='word_1_41' title='bbox 331 1065 365 1111; x_wconf 89' lang='lat' dir='ltr'>sc</span> <span class='ocrx_word' id='word_1_42' title='bbox 387 1065 509 1127; x_wconf 82' lang='lat' dir='ltr'>gerere,</span> <span class='ocrx_word' id='word_1_43' title='bbox 539 1052 575 1110; x_wconf 89' lang='lat' dir='ltr'>ut</span> <span class='ocrx_word' id='word_1_44' title='bbox 596 1065 668 1110; x_wconf 91' lang='lat' dir='ltr'>raro</span> <span class='ocrx_word' id='word_1_45' title='bbox 696 1052 821 1112; x_wconf 89' lang='lat' dir='ltr'>tantum</span> <span class='ocrx_word' id='word_1_46' title='bbox 843 1049 901 1130; x_wconf 81' lang='lat' dir='ltr'>ipsi</span> <span class='ocrx_word' id='word_1_47' title='bbox 930 1051 1157 1117; x_wconf 83' lang='lat' dir='ltr'>admisceretur</span> <span class='ocrx_word' id='word_1_48' title='bbox 1182 1053 1306 1132; x_wconf 84' lang='lat' dir='ltr'>actioni,</span> 
     </span>
     <span class='ocr_line' id='line_1_7' title="bbox 149 1146 798 1229; baseline 0 -17"><span class='ocrx_word' id='word_1_49' title='bbox 149 1148 230 1229; x_wconf 87' lang='lat' dir='ltr'>quod</span> <span class='ocrx_word' id='word_1_50' title='bbox 252 1147 402 1211; x_wconf 86' lang='lat' dir='ltr'>Horatius</span> <span class='ocrx_word' id='word_1_51' title='bbox 423 1146 505 1211; x_wconf 89' lang='lat' dir='ltr'>hisce</span> <span class='ocrx_word' id='word_1_52' title='bbox 527 1146 630 1211; x_wconf 89' lang='lat' dir='ltr'>verbis</span> <span class='ocrx_word' id='word_1_53' title='bbox 651 1146 741 1212; x_wconf 89' lang='lat' dir='ltr'>docet</span> <span class='ocrx_word' id='word_1_54' title='bbox 755 1148 798 1227; x_wconf 86' lang='lat'>¹):</span> 
     </span>
    </p>

    <p class='ocr_par' dir='ltr' id='par_1_3' title="bbox 311 1248 1026 1332">
     <span class='ocr_line' id='line_1_8' title="bbox 311 1248 1026 1332; baseline 0.007 -22"><span class='ocrx_word' id='word_1_55' title='bbox 311 1249 426 1312; x_wconf 78' lang='lat' dir='ltr'>actoris</span> <span class='ocrx_word' id='word_1_56' title='bbox 445 1254 555 1327; x_wconf 79' lang='lat' dir='ltr'>portes</span> <span class='ocrx_word' id='word_1_57' title='bbox 577 1248 690 1312; x_wconf 78' lang='lat' dir='ltr'>chorus</span> <span class='ocrx_word' id='word_1_58' title='bbox 713 1250 913 1332; x_wconf 71' lang='lat' dir='ltr'>officiumque</span> <span class='ocrx_word' id='word_1_59' title='bbox 932 1250 1026 1315; x_wconf 81' lang='lat' dir='ltr'>virile</span> 
     </span>
    </p>

    <p class='ocr_par' dir='ltr' id='par_1_4' title="bbox 311 1347 1110 1430">
     <span class='ocr_line' id='line_1_9' title="bbox 311 1347 1110 1430; baseline 0.005 -19"><span class='ocrx_word' id='word_1_60' title='bbox 311 1347 477 1429; x_wconf 78' lang='lat' dir='ltr'>defendet,</span> <span class='ocrx_word' id='word_1_61' title='bbox 498 1369 560 1412; x_wconf 81' lang='lat' dir='ltr'>neu</span> <span class='ocrx_word' id='word_1_62' title='bbox 581 1349 658 1430; x_wconf 79' lang='lat' dir='ltr'>qaid</span> <span class='ocrx_word' id='word_1_63' title='bbox 679 1350 799 1413; x_wconf 76' lang='lat' dir='ltr'>mcciios</span> <span class='ocrx_word' id='word_1_64' title='bbox 821 1351 1110 1428; x_wconf 68' lang='lat' dir='ltr'>intermisceamus,</span> 
     </span>
    </p>

    <p class='ocr_par' dir='ltr' id='par_1_5' title="bbox 311 1448 1137 1531">
     <span class='ocr_line' id='line_1_10' title="bbox 311 1448 1137 1531; baseline 0.005 -22"><span class='ocrx_word' id='word_1_65' title='bbox 311 1448 394 1528; x_wconf 79' lang='lat' dir='ltr'>qaod</span> <span class='ocrx_word' id='word_1_66' title='bbox 416 1468 482 1511; x_wconf 80' lang='lat' dir='ltr'>raon</span> <span class='ocrx_word' id='word_1_67' title='bbox 497 1448 660 1531; x_wconf 75' lang='lat' dir='ltr'>proposito</span> <span class='ocrx_word' id='word_1_68' title='bbox 683 1449 836 1512; x_wconf 76' lang='lat' dir='ltr'>conducat</span> <span class='ocrx_word' id='word_1_69' title='bbox 859 1456 887 1512; x_wconf 82' lang='lat' dir='ltr'>et</span> <span class='ocrx_word' id='word_1_70' title='bbox 908 1448 1037 1512; x_wconf 75' lang='lat' dir='ltr'>haereat</span> <span class='ocrx_word' id='word_1_71' title='bbox 1057 1456 1137 1531; x_wconf 78' lang='lat' dir='ltr'>epte.</span> 
     </span>
    </p>

    <p class='ocr_par' dir='ltr' id='par_1_6' title="bbox 309 1534 1033 1630">
     <span class='ocr_line' id='line_1_11' title="bbox 309 1534 1033 1630; baseline 0.003 -19"><span class='ocrx_word' id='word_1_72' title='bbox 309 1547 362 1611; x_wconf 79' lang='lat' dir='ltr'>ille</span> <span class='ocrx_word' id='word_1_73' title='bbox 384 1534 473 1612; x_wconf 75' lang='lat' dir='ltr'>bonis</span> <span class='ocrx_word' id='word_1_74' title='bbox 492 1548 663 1630; x_wconf 76' lang='lat' dir='ltr'>foveatque</span> <span class='ocrx_word' id='word_1_75' title='bbox 683 1553 711 1611; x_wconf 82' lang='lat' dir='ltr'>ei</span> <span class='ocrx_word' id='word_1_76' title='bbox 732 1547 915 1613; x_wconf 68' lang='lat' dir='ltr'>consilietur</span> <span class='ocrx_word' id='word_1_77' title='bbox 934 1549 1033 1613; x_wconf 83' lang='lat' dir='ltr'>eroice</span> 
     </span>
    </p>

    <p class='ocr_par' dir='ltr' id='par_1_7' title="bbox 147 1650 1305 2029">
     <span class='ocr_line' id='line_1_12' title="bbox 310 1650 1044 1731; baseline -0.004 -18"><span class='ocrx_word' id='word_1_78' title='bbox 310 1657 339 1713; x_wconf 80' lang='lat' dir='ltr'>ei</span> <span class='ocrx_word' id='word_1_79' title='bbox 360 1656 450 1731; x_wconf 76' lang='lat' dir='ltr'>reyut</span> <span class='ocrx_word' id='word_1_80' title='bbox 471 1650 571 1711; x_wconf 78' lang='lat' dir='ltr'>iratos</span> <span class='ocrx_word' id='word_1_81' title='bbox 593 1654 621 1712; x_wconf 81' lang='lat' dir='ltr'>et</span> <span class='ocrx_word' id='word_1_82' title='bbox 644 1654 726 1711; x_wconf 81' lang='lat' dir='ltr'>amet</span> <span class='ocrx_word' id='word_1_83' title='bbox 742 1668 862 1728; x_wconf 81' lang='lat' dir='ltr'>pecore</span> <span class='ocrx_word' id='word_1_84' title='bbox 884 1654 1044 1712; x_wconf 81' lang='lat' dir='ltr'>tumentes.</span> 
     </span>
     <span class='ocr_line' id='line_1_13' title="bbox 148 1747 1305 1832; baseline 0 -18"><span class='ocrx_word' id='word_1_85' title='bbox 148 1750 233 1827; x_wconf 80' lang='lat' dir='ltr'>Qum</span> <span class='ocrx_word' id='word_1_86' title='bbox 255 1750 281 1813; x_wconf 87' lang='lat' dir='ltr'>si</span> <span class='ocrx_word' id='word_1_87' title='bbox 304 1766 382 1828; x_wconf 91' lang='lat' dir='ltr'>opus</span> <span class='ocrx_word' id='word_1_88' title='bbox 400 1749 469 1829; x_wconf 83' lang='lat' dir='ltr'>fuit,</span> <span class='ocrx_word' id='word_1_89' title='bbox 491 1747 593 1812; x_wconf 88' lang='lat' dir='ltr'>scalae</span> <span class='ocrx_word' id='word_1_90' title='bbox 614 1747 687 1811; x_wconf 89' lang='lat' dir='ltr'>illae</span> <span class='ocrx_word' id='word_1_91' title='bbox 709 1765 787 1827; x_wconf 90' lang='lat' dir='ltr'>quas</span> <span class='ocrx_word' id='word_1_92' title='bbox 811 1765 907 1827; x_wconf 88' lang='lat' dir='ltr'>supra</span> <span class='ocrx_word' id='word_1_93' title='bbox 925 1751 1230 1814; x_wconf 84' lang='lat' dir='ltr'>commemoravimus</span> <span class='ocrx_word' id='word_1_94' title='bbox 1253 1770 1305 1832; x_wconf 89' lang='lat' dir='ltr'>ap-</span> 
     </span>
     <span class='ocr_line' id='line_1_14' title="bbox 147 1846 1304 1930; baseline -0.002 -16"><span class='ocrx_word' id='word_1_95' title='bbox 147 1857 210 1915; x_wconf 91' lang='lat' dir='ltr'>tum</span> <span class='ocrx_word' id='word_1_96' title='bbox 234 1848 388 1915; x_wconf 88' lang='lat' dir='ltr'>choreutis</span> <span class='ocrx_word' id='word_1_97' title='bbox 409 1853 503 1929; x_wconf 90' lang='lat' dir='ltr'>atque</span> <span class='ocrx_word' id='word_1_98' title='bbox 529 1847 717 1912; x_wconf 88' lang='lat' dir='ltr'>commodum</span> <span class='ocrx_word' id='word_1_99' title='bbox 740 1847 858 1911; x_wconf 86' lang='lat' dir='ltr'>aditum</span> <span class='ocrx_word' id='word_1_100' title='bbox 888 1847 919 1911; x_wconf 91' lang='lat' dir='ltr'>in</span> <span class='ocrx_word' id='word_1_101' title='bbox 949 1846 1072 1928; x_wconf 81' lang='lat' dir='ltr'>logeum</span> <span class='ocrx_word' id='word_1_102' title='bbox 1101 1849 1304 1930; x_wconf 88' lang='lat' dir='ltr'>praebebant,</span> 
     </span>
     <span class='ocr_line' id='line_1_15' title="bbox 147 1948 751 2029; baseline -0.002 -16"><span class='ocrx_word' id='word_1_103' title='bbox 147 1957 180 2013; x_wconf 90' lang='lat' dir='ltr'>ut</span> <span class='ocrx_word' id='word_1_104' title='bbox 199 1948 403 2013; x_wconf 83' lang='lat' dir='ltr'>histrionibus</span> <span class='ocrx_word' id='word_1_105' title='bbox 425 1949 553 2029; x_wconf 90' lang='lat' dir='ltr'>propius</span> <span class='ocrx_word' id='word_1_106' title='bbox 567 1948 751 2012; x_wconf 81' lang='lat' dir='ltr'>adstarent.</span> 
     </span>
    </p>

    <p class='ocr_par' dir='ltr' id='par_1_8' title="bbox 223 2036 1305 2135">
     <span class='ocr_line' id='line_1_16' title="bbox 223 2036 1305 2135; baseline 0 -23"><span class='ocrx_word' id='word_1_107' title='bbox 223 2047 285 2112; x_wconf 79' lang='lat' dir='ltr'>Sed</span> <span class='ocrx_word' id='word_1_108' title='bbox 307 2047 356 2112; x_wconf 91' lang='lat' dir='ltr'>his</span> <span class='ocrx_word' id='word_1_109' title='bbox 377 2048 416 2112; x_wconf 91' lang='lat' dir='ltr'>de</span> <span class='ocrx_word' id='word_1_110' title='bbox 437 2050 506 2129; x_wconf 89' lang='lat' dir='ltr'>ipsa</span> <span class='ocrx_word' id='word_1_111' title='bbox 526 2065 639 2135; x_wconf 89' lang='lat' dir='ltr'>scaena</span> <span class='ocrx_word' id='word_1_112' title='bbox 665 2054 758 2129; x_wconf 85' lang='lat' dir='ltr'>atque</span> <span class='ocrx_word' id='word_1_113' title='bbox 781 2046 942 2111; x_wconf 85' lang='lat' dir='ltr'>orchestra</span> <span class='ocrx_word' id='word_1_114' title='bbox 964 2047 1041 2111; x_wconf 91' lang='lat' dir='ltr'>satis</span> <span class='ocrx_word' id='word_1_115' title='bbox 1063 2036 1196 2127; x_wconf 83' lang='lat' dir='ltr'>cognitis</span> <span class='ocrx_word' id='word_1_116' title='bbox 1218 2055 1305 2113; x_wconf 90' lang='lat' dir='ltr'>tran-</span> 
     </span>
    </p>

    <p class='ocr_par' dir='ltr' id='par_1_9' title="bbox 147 2145 1304 2326">
     <span class='ocr_line' id='line_1_17' title="bbox 147 2145 1304 2229; baseline -0.003 -16"><span class='ocrx_word' id='word_1_117' title='bbox 147 2167 268 2213; x_wconf 88' lang='lat' dir='ltr'>seamus</span> <span class='ocrx_word' id='word_1_118' title='bbox 296 2147 336 2210; x_wconf 88' lang='lat' dir='ltr'>ad</span> <span class='ocrx_word' id='word_1_119' title='bbox 356 2147 486 2210; x_wconf 86' lang='lat' dir='ltr'>alteram</span> <span class='ocrx_word' id='word_1_120' title='bbox 516 2147 654 2227; x_wconf 87' lang='lat' dir='ltr'>opusculi</span> <span class='ocrx_word' id='word_1_121' title='bbox 677 2153 815 2227; x_wconf 81' lang='lat' dir='ltr'>partem,</span> <span class='ocrx_word' id='word_1_122' title='bbox 844 2163 904 2227; x_wconf 91' lang='lat' dir='ltr'>qua</span> <span class='ocrx_word' id='word_1_123' title='bbox 926 2164 963 2209; x_wconf 87' lang='lat' dir='ltr'>ex</span> <span class='ocrx_word' id='word_1_124' title='bbox 992 2145 1069 2227; x_wconf 90' lang='lat' dir='ltr'>ipsis</span> <span class='ocrx_word' id='word_1_125' title='bbox 1089 2146 1203 2212; x_wconf 85' lang='lat' dir='ltr'>fabulis</span> <span class='ocrx_word' id='word_1_126' title='bbox 1230 2147 1304 2229; x_wconf 87' lang='lat' dir='ltr'>quid</span> 
     </span>
     <span class='ocr_line' id='line_1_18' title="bbox 148 2244 1047 2326; baseline -0.007 -13"><span class='ocrx_word' id='word_1_127' title='bbox 148 2249 185 2313; x_wconf 90' lang='lat' dir='ltr'>de</span> <span class='ocrx_word' id='word_1_128' title='bbox 206 2247 300 2313; x_wconf 88' lang='lat' dir='ltr'>rebus</span> <span class='ocrx_word' id='word_1_129' title='bbox 323 2247 470 2312; x_wconf 88' lang='lat' dir='ltr'>scaenicis</span> <span class='ocrx_word' id='word_1_130' title='bbox 492 2246 735 2311; x_wconf 87' lang='lat' dir='ltr'>concludendum</span> <span class='ocrx_word' id='word_1_131' title='bbox 750 2247 798 2310; x_wconf 72' lang='lat' dir='ltr'>vsit</span> <span class='ocrx_word' id='word_1_132' title='bbox 818 2244 1047 2326; x_wconf 82' lang='lat' dir='ltr'>explicabimus.</span> 
     </span>
    </p>
   </div>
   <div class='ocr_carea' id='block_1_3' title="bbox 215 2444 611 2513">
    <p class='ocr_par' dir='ltr' id='par_1_10' title="bbox 215 2444 611 2513">
     <span class='ocr_line' id='line_1_19' title="bbox 215 2444 611 2513; baseline 0.005 -17"><span class='ocrx_word' id='word_1_133' title='bbox 215 2444 241 2513; x_wconf 87' lang='lat'>1)</span> <span class='ocrx_word' id='word_1_134' title='bbox 259 2447 311 2498; x_wconf 86' lang='lat' dir='ltr'>art.</span> <span class='ocrx_word' id='word_1_135' title='bbox 330 2447 402 2512; x_wconf 85' lang='lat' dir='ltr'>poet.</span> <span class='ocrx_word' id='word_1_136' title='bbox 422 2463 464 2499; x_wconf 81' lang='lat' dir='ltr'>vv.</span> <span class='ocrx_word' id='word_1_137' title='bbox 484 2444 611 2498; x_wconf 79' lang='lat'>193-97.</span> 
     </span>
    </p>
   </div>
   <div class='ocr_carea' id='block_1_4' title="bbox 236 2548 241 2557">
    <p class='ocr_par' dir='ltr' id='par_1_11' title="bbox 236 2548 241 2557">
     <span class='ocr_line' id='line_1_20' title="bbox 236 2548 241 2557; baseline 0 0"><span class='ocrx_word' id='word_1_138' title='bbox 236 2548 241 2557; x_wconf 59' lang='grc' dir='ltr'><strong><em>ο</em></strong></span> 
     </span>
    </p>
   </div>
   <div class='ocr_carea' id='block_1_5' title="bbox 0 0 1618 5200">
    <p class='ocr_par' dir='ltr' id='par_1_12' title="bbox 0 0 1618 5200">
     <span class='ocr_line' id='line_1_21' title="bbox 0 0 1618 5200; baseline 0 1"><span class='ocrx_word' id='word_1_139' title='bbox 0 0 1618 5200; x_wconf 95' lang='lat' dir='ltr'> </span> 
     </span>
    </p>
   </div>
  </div>
 </body>
</html>
