3225 5200
606 450 641 514 11

51 629 205 709 progressi
226 630 297 693 sint.
340 630 470 694 Praeter
490 646 542 694 eas
562 628 620 693 viri
642 628 725 693 docti
745 628 823 695 duas
843 627 921 693 alias
942 631 1113 708 posuerunt
1128 645 1201 708 por-

53 736 110 807 tas,
133 746 223 792 unam
246 730 277 792 in
298 735 433 813 utroque
454 746 584 794 scaenae
605 729 704 794 latere
726 729 828 807 sitam,
851 728 933 808 quod
950 727 1082 791 Pollucis
1099 727 1203 791 verbis

51 828 280 892 commendant:
308 829 385 911 παρ’
407 828 543 910 ἑκατέρα
573 829 610 891 δὲ
637 831 702 891 τῶν
729 826 789 891 drio
811 829 923 909 θυρῶν
949 830 1014 889 τῶν
1039 827 1115 908 περὶ
1142 826 1203 907 τήν

50 935 152 1011 μέσην
170 923 268 991 ditas
288 925 349 991 δύο
370 919 437 991 εἶεν
458 926 511 1007 ἄν,
531 933 592 1008 μία
613 927 816 1011 ἑκατέρωθεν
833 952 862 991 κ.
873 950 901 991 τ.
913 928 941 991 λ.
985 927 1046 992 Sed
1067 927 1149 992 hunc
1170 928 1201 989 in

50 1027 147 1090 locum
168 1027 194 1091 si
215 1029 391 1092 accuratius
413 1028 595 1109 inspexeris,
618 1027 736 1092 videbis
758 1028 797 1092 de
814 1028 915 1107 portis
934 1045 1031 1107 prope
1047 1026 1201 1107 periactos

19 1120 25 1141 '
52 1126 119 1189 sitis
148 1127 280 1206 cogitari
307 1145 368 1191 non
389 1145 487 1208 posse.
536 1127 614 1191 Nam
637 1128 767 1208 primum
789 1127 855 1207 ipse
878 1126 986 1191 Pollux
1009 1144 1077 1189 cum
1099 1125 1201 1189 verbis

50 1230 156 1288 utatur
178 1222 276 1290 ἄλλαι
297 1225 357 1289 δύο
379 1217 445 1289 εἶεν
466 1223 509 1289 dr·
535 1226 573 1290 de
600 1227 700 1307 portis
722 1226 866 1291 dubitare
886 1226 1010 1290 videtur
1021 1225 1053 1306 ¹).
1092 1224 1202 1308 Neque

50 1325 136 1402 enim,
157 1326 209 1406 qui
231 1327 268 1389 de
289 1326 401 1390 ceteris
423 1344 552 1390 scaenae
573 1325 710 1391 aditibus
733 1326 911 1391 accuratius
931 1325 1079 1406 disputet,
1098 1325 1136 1389 de
1154 1324 1202 1389 his

49 1423 215 1507 quidquam
226 1426 361 1505 amplius
372 1432 479 1489 noster
495 1424 623 1506 profert,
638 1425 692 1489 sed
701 1426 821 1507 pergit:
837 1426 919 1506 πρὸς
932 1422 1022 1498 nicei
1036 1428 1203 1507 περίακτοι

50 1522 301 1610 συμπεπήγασιν
329 1530 424 1605 atque
454 1525 516 1588 alia
539 1533 667 1589 enarrat
688 1543 766 1606 quac
787 1532 896 1605 aperte
917 1525 957 1588 ad
980 1524 1132 1605 periectos
1153 1543 1201 1588 re·

49 1625 185 1687 vocanda
206 1623 323 1706 suntl).
368 1624 509 1690 Clariora
525 1643 597 1689 vero
612 1626 774 1689 Vitruvius
796 1624 911 1689 dehac
935 1643 970 1688 re
990 1623 1110 1704 profert
1131 1643 1200 1688 cum

50 1724 146 1789 dicat:
168 1726 340 1790 secuudum
361 1733 465 1789 cotem
485 1727 593 1806 spatie
613 1727 656 1789 od
674 1731 806 1789 oreatus
824 1730 1016 1806 comparata,
1037 1745 1117 1806 quoe
1134 1728 1201 1789 loce

50 1825 162 1889 Graeci
188 1848 377 1907 περιακτους
403 1827 512 1890 dicant
538 1826 578 1889 ab
608 1847 659 1902 eo,
690 1825 773 1906 quod
798 1825 962 1889 machinae
989 1833 1064 1889 serat
1092 1826 1128 1888 ia
1149 1825 1200 1889 icis
1236 1848 1241 1861 ·

50 1923 118 1988 locis
138 1928 301 1991 versatiles
323 1928 461 2007 triponoe
481 1925 628 1991 habentes
648 1924 793 2007 sinpolae
807 1932 871 1989 tres
884 1926 1003 2006 species
1013 1927 1200 2003 secretioria,

49 2025 96 2103 qui
124 2024 163 2088 de
191 2026 290 2105 portis
320 2025 505 2106 quibusdam
533 2024 590 2089 hoc
619 2024 738 2104 quidem
767 2023 833 2086 loco
857 2023 931 2087 nihil
954 2023 1054 2097 affert.
1096 2025 1200 2104 Atque

49 2141 99 2201 per
115 2143 148 2188 se
167 2132 301 2205 apparet
319 2125 388 2188 illas
406 2123 573 2200 machinas,
598 2142 731 2204 quarum
744 2141 800 2203 pro
812 2122 979 2186 altitudine
998 2140 1058 2186 non
1071 2139 1198 2202 parvam

50 2229 220 2287 statuamus
239 2222 485 2304 amplitudinem,
507 2241 604 2304 prope
624 2241 754 2288 scaenae
774 2223 905 2285 frontem
921 2222 1088 2286 collocatas
1100 2226 1200 2284 totam

51 2321 108 2385 lere
138 2323 220 2403 logei
253 2323 448 2387 latitudinem
479 2323 667 2404 explevisse,
699 2329 734 2386 ut
763 2321 959 2385 intervallum
992 2321 1199 2402 perlectorum

49 2426 77 2481 et
104 2439 235 2486 scaenae
269 2422 382 2486 frontis
412 2423 461 2486 vel
491 2423 651 2486 minimum
681 2421 899 2504 remaneret).
949 2420 1009 2486 Sed
1037 2421 1200 2501 postulant

49 2517 176 2603 tabulae,
200 2534 236 2595 ut
258 2541 317 2584 non
340 2539 413 2585 raro
436 2521 604 2586 histriones
627 2541 665 2586 ex
683 2521 835 2586 lateribus
852 2538 983 2586 scaenae
997 2520 1153 2602 progressi
1169 2520 1198 2581 in

49 2712 94 2767 bac
109 2717 203 2770 mobili
218 2717 308 2770 fronte
318 2717 438 2785 quinque
449 2720 543 2787 portas
553 2718 645 2776 fuisse.
672 2718 724 2773 Sed
738 2717 869 2774 erravisse
884 2736 944 2773 eum
956 2718 1049 2771 bacin
1060 2735 1088 2772 re
1107 2733 1199 2770 omnes

51 2798 94 2852 viri
112 2802 187 2857 docti
206 2803 358 2858 alberto
377 2805 554 2859 Muellero
572 2806 641 2859 drree
660 2805 806 2875 (Philolog.
824 2805 925 2868 XXIII,
943 2823 970 2874 p.
989 2804 1040 2858 299
1049 2804 1120 2872 sqq.)
1139 2819 1199 2869 per·

51 2902 151 2941 suasum
188 2889 305 2943 habent
329 2894 443 2959 excepto
478 2908 533 2945 uno
561 2895 694 2960 qnantum
731 2892 785 2945 scio
822 2892 973 2946 Ernesto
1005 2887 1198 2956 Dropsenio

52 2975 227 3039 (quaestiones
247 2975 280 3030 de
299 2976 476 3046 Aristophan.
494 2994 523 3031 re
542 2978 666 3033 scaenica
682 2978 787 3032 dissert.
804 2978 932 3047 inaugur.
952 2977 1061 3029 Bonnae
1083 2974 1166 3040 1865).

111 3067 137 3134 1)
159 3066 303 3121 Alberti
322 3068 489 3123 Muelleri
510 3068 656 3140 (Philolog.
672 3070 763 3123 XXIII
781 3090 808 3140 p.
819 3070 880 3136 302)
899 3068 1062 3137 opinionem,
1080 3066 1199 3119 colorem

50 3150 209 3206 urbanitatis
227 3153 365 3221 quendam
383 3153 470 3208 inesse
486 3154 530 3208 his
548 3154 644 3219 verbis,
665 3154 845 3225 persuadendi
862 3156 916 3208 vim
933 3170 989 3207 non
1007 3151 1108 3205 habere
1120 3167 1199 3204 nemo

49 3238 163 3304 negabit.
201 3238 491 3293 Schoenbornius
509 3241 573 3310 (1.1.
592 3260 618 3311 p.
627 3242 670 3309 61)
691 3240 758 3295 satis
777 3241 908 3295 audacter
925 3237 1080 3293 contendit:
1102 3236 1154 3289 »do
1173 3252 1199 3290 es

50 3336 81 3374 on
97 3322 185 3378 dieser
204 3324 284 3379 Stella
309 3325 384 3380 nicht
401 3326 546 3383 Ausdreelc
569 3327 616 3382 der
640 3327 787 3384 Urboat'tdt
807 3328 880 3388 sein,
905 3326 981 3379 nield
1003 3322 1199 3391 aweiselhoftes

56 3405 152 3463 Wissen
169 3410 227 3464 aad
251 3410 518 3466 Unenrrcbtedeabert
536 3412 662 3468 dedentes
684 3414 773 3467 lana:
796 3418 949 3466 semissen
968 3410 1012 3463 die
1035 3410 1129 3463 Werte
1147 3407 1205 3469 auf

51 3492 89 3545 cin
105 3498 260 3551 eoeutuelles
282 3498 458 3552 Vorlrommeo
477 3498 526 3552 der
543 3502 607 3553 ewea'
624 3502 718 3555 letzten
739 3501 846 3553 Thtiren
866 3499 1027 3553 biaeoeisea«
1049 3536 1055 3549 .
1074 3538 1080 3549 .
1100 3537 1105 3548 .
1175 3551 1180 3556 .

110 3583 138 3648 2)
165 3600 237 3651 quae
256 3582 547 3640 Schoenbornins
565 3587 593 3656 (l.
612 3587 629 3640 l.
649 3605 676 3655 p.
692 3587 722 3641 71
734 3587 785 3654 sq.)
807 3585 878 3638 falso
902 3586 936 3637 ad
955 3585 1049 3653 portas
1067 3581 1197 3649 quasdam

49 3666 158 3731 rettulit,
178 3686 238 3722 cum
255 3668 309 3721 iam
324 3669 545 3725 Godofredus
560 3672 781 3726 Hermannus
798 3671 842 3742 (de
855 3688 884 3724 re
898 3669 1012 3725 scaenic.
1027 3668 1056 3722 in
1070 3667 1199 3736 Aeschyli

50 3749 155 3809 Oresten
175 3756 202 3809 in
222 3755 287 3810 edit.
298 3773 363 3811 suae
373 3757 501 3827 Aeschyli
520 3760 642 3828 tragoed.
660 3761 725 3813 tom.
742 3758 776 3823 II,
795 3778 822 3829 p.
834 3758 893 3823 619)
913 3756 1026 3809 eandem
1046 3771 1130 3823 qnam
1148 3769 1198 3806 nos

49 3841 200 3903 protulisset
218 3842 394 3897 sententiam.

109 3926 135 3996 3)
161 3928 330 3984 Kolstero
352 3931 472 3984 testante
497 3928 627 3998 (sophocl.
646 3928 773 3992 Studien,
798 3928 941 3996 Hamburg
963 3928 1038 3988 1859,
1071 3944 1134 3996 pag.
1153 3925 1198 3994 38)

49 4004 240 4077 Straokius,
259 4013 335 4067 cuius
352 4015 381 4068 in
401 4015 499 4068 librum
518 4017 551 4069 de
570 4017 662 4069 vetere
671 4014 838 4070 Graecorum
854 4014 964 4068 theatro
978 4013 1052 4080 quod
1064 4012 1198 4080 inspicere

49 4105 97 4145 non
120 4099 257 4164 potuerim
281 4100 360 4154 valde
385 4101 478 4167 doleo,
503 4101 610 4155 invenit
637 4101 813 4156 Tauromenii
838 4099 942 4154 theatri
961 4098 1012 4152 illa
1036 4097 1140 4167 spatia,
1167 4098 1198 4151 in

50 4178 140 4240 quibus
162 4185 236 4239 haud
255 4187 338 4241 dubie
355 4187 469 4256 periacti
487 4189 683 4251 versabantur,
707 4187 801 4242 decern
821 4189 931 4239 tantum
950 4187 1049 4254 pedum
1068 4184 1141 4246 lata,
1165 4187 1198 4238 ut

49 4268 219 4339 perexiguum
232 4273 368 4336 ¹restitisse
383 4273 561 4328 intervallum
579 4277 792 4330 cousentaneum
811 4272 944 4327 videatur.
