3225 5200
954 504 993 571 11

394 688 543 753 Romanis
586 686 764 752 architectis
803 686 985 768 quibusdam
1027 686 1102 751 locis
1143 684 1341 768 proposuisse
1378 688 1513 768 apparet
1523 684 1556 764 ¹).

392 788 549 867 Quosdam
579 787 724 852 clariores
752 793 970 869 praeceptores
999 788 1115 851 imitari
1137 790 1284 868 poterant
1305 787 1434 851 Romani
1456 805 1555 867 quam

392 886 538 968 Graecos
559 905 629 951 <cum
651 889 713 951 iam
733 887 839 951 Livius
857 886 1061 964 Andronicus,
1084 887 1135 967 qui
1160 886 1218 951 »ub
1240 888 1363 953 suturis
1385 907 1487 952 ausus
1507 896 1557 952 est

388 989 516 1067 primus
551 995 735 1070 arqumeuto
769 988 917 1070 fabulum
958 1008 1080 1053 serere«
1127 986 1205 1069 (biv.
1242 988 1314 1067 VII,
1340 988 1371 1065 1)
1413 987 1556 1052 Graecas
1606 1062 1607 1091 1

392 1086 571 1167 tragoedias
589 1104 608 1149 a
624 1086 743 1151 Graeco
761 1087 1001 1151 Tarentinorum
1023 1086 1148 1150 theatro
1171 1088 1300 1151 Romam
1321 1087 1553 1166 transferrem).

473 1185 582 1266 Neque
603 1185 642 1249 de
659 1185 793 1251 Pollucis
815 1187 1003 1252 auctoritate
1023 1187 1209 1268 plaudamus
1231 1185 1404 1268 Niejahriflt
1426 1187 1555 1251 verbis:

394 1287 596 1352 »desinemus
620 1282 778 1350 Pollucem
802 1282 977 1369 ceterosque
999 1293 1090 1353 testes
1111 1289 1158 1350 reu'
1179 1288 1356 1367 scaenicae,
1383 1309 1464 1370 quoe
1483 1288 1556 1370 fuit

391 1387 501 1468 quinto
528 1393 602 1450 oute
630 1383 789 1448 Christum
812 1389 936 1451 soeculo
965 1385 1118 1468 offerre«,
1151 1404 1218 1449 cum
1248 1385 1360 1450 Rohdii
1391 1386 1447 1449 viri
1478 1385 1555 1447 doc-

392 1484 503 1549 tissimi
531 1483 572 1546 de
594 1483 728 1547 Pollucis
750 1482 888 1547 fontibus
917 1483 1175 1567 disputationem)
1202 1485 1304 1554 nobisi
1319 1483 1441 1564 quidem
1469 1483 1554 1546 fidu·

392 1583 472 1646 ciam
507 1583 687 1646 onomastici
735 1583 871 1647 auctoris
904 1581 1104 1662 comprobare
1137 1600 1174 1646 ac
1206 1580 1330 1645 firmare
1374 1581 1554 1645 videantur.

392 1680 471 1744 Nam
506 1680 667 1759 sagaciter!
685 1681 828 1760 exposuit
860 1679 908 1742 vir
936 1679 1046 1743 doctus
1076 1679 1233 1744 Pollucem
1266 1680 1314 1742 vel
1354 1692 1393 1743 ex
1423 1680 1553 1758 optimis

393 1780 533 1844 hausisse
554 1779 692 1844 fontibus
710 1780 740 1842 in
757 1779 939 1844 enarrandis
960 1779 1051 1843 rebus
1070 1780 1232 1857 scaenicis,
1254 1780 1335 1862 quod
1357 1779 1450 1844 lubae
1467 1781 1553 1859 regis

392 1879 570 1966 θεατρικήν
592 1878 741 1961 ἱστορίαν
767 1879 981 1960 exscripserit,
1009 1896 1100 1958 quem
1132 1897 1199 1943 cum
1228 1878 1259 1941 in
1281 1879 1455 1963 Tryphonis
1479 1880 1553 1943 Ale·

392 1980 533 2044 xaudriui
569 1980 664 2044 libros
698 1979 774 2062 περὶ
809 1978 993 2060 ὀνομασιῶν
1029 1978 1197 2059 inspiceret
1232 1977 1392 2043 clarissimi
1428 1980 1553 2043 Aristo·

380 2079 503 2161 phanis
530 2079 695 2160 Byzantini
728 2080 903 2144 doctrinam
934 2081 1033 2144 denuo
1063 2077 1233 2159 protulisse
1264 2079 1330 2142 veri
1361 2079 1550 2143 simillimum

393 2178 498 2243 videri.
541 2178 611 2255 Qua
632 2179 662 2241 in
685 2195 720 2241 rc
741 2196 779 2242 ne
797 2177 913 2244 diutius
936 2196 1172 2255 commoremur,
1202 2177 1232 2240 id
1255 2195 1349 2241 unum
1371 2182 1551 2241 statuamus

393 2276 557 2356 Pollucem,
579 2292 671 2358 quem
694 2294 775 2360 quae
797 2277 829 2341 in
851 2282 943 2342 tanta
965 2278 1149 2342 diversitate
1170 2277 1379 2340 Romanorum
1402 2283 1435 2340 et
1451 2276 1552 2341 Grae-

393 2393 496 2439 corum
524 2375 717 2440 theatrorum
747 2374 785 2440 da
812 2377 860 2441 his
890 2374 1003 2440 afferat
1033 2375 1091 2440 sibi
1120 2373 1245 2439 finxisse
1274 2394 1365 2440 nemo
1393 2374 1551 2438 affirmare

393 2476 535 2554 audebit,
567 2494 634 2541 cum
657 2475 786 2559 Dionysi
817 2476 975 2541 theatrum
997 2476 1137 2557 quamvis
1167 2475 1273 2557 aliqua
1296 2494 1334 2541 ex
1356 2482 1447 2556 parte
1467 2494 1551 2540 corn·

352 2643 356 2660 2
393 2582 547 2642 mutatum
573 2575 703 2642 Athenis
727 2582 801 2641 ante
830 2576 936 2643 oculos
964 2593 1085 2657 semper
1111 2574 1257 2660 haberet,
1288 2578 1381 2642 etiam
1411 2578 1550 2659 priorum

394 2682 566 2756 temporum
595 2694 646 2741 res
675 2677 832 2742 scaenicas
857 2677 937 2741 bene
967 2675 1107 2757 cognitas
1137 2676 1292 2741 habuisse.
1334 2676 1441 2759 Neque
1468 2681 1551 2743 enim

394 2776 448 2842 illo
472 2776 593 2842 theatro
608 2778 740 2843 Neronis
761 2778 952 2860 temporibus
974 2782 1165 2842 commutato
1173 2778 1199 2859 ὅ)
1219 2777 1382 2858 probabile
1402 2778 1440 2843 fit
1460 2798 1552 2843 omne

393 2876 505 2957 prioris
533 2894 608 2941 usus
630 2877 794 2957 vestigium
824 2877 869 2940 ita
896 2875 989 2941 fuisse
1018 2876 1169 2956 deletum,
1197 2876 1340 2941 utnulla
1370 2883 1551 2942 remaneret

462 3075 488 3144 1)
506 3075 539 3128 cf.
553 3075 585 3137 V,
598 3074 662 3131 6.2:
680 3076 722 3129 ita
740 3075 825 3130 latius
843 3075 948 3143 fuctum
966 3075 1025 3139 fuit
1037 3074 1175 3145 pulpitum
1191 3091 1273 3144 quom
1288 3074 1461 3139 Graecorum,
1478 3076 1552 3145 quod

393 3175 483 3215 omues
502 3160 620 3230 artifices
637 3163 667 3216 iu
683 3177 782 3217 scaeua
799 3161 869 3216 dont
886 3177 1012 3231 operam·
1031 3160 1077 3229 qui
1093 3177 1148 3228 quo
1165 3161 1224 3215 loco
1242 3160 1285 3231 (V,
1295 3162 1318 3224 7,
1329 3160 1356 3228 8)
1374 3161 1408 3215 de
1420 3161 1551 3231 periactis

392 3245 453 3317 agit
470 3247 575 3302 Graeco
594 3247 684 3330 utitur
700 3247 796 3312 verbo,
825 3247 949 3316 quamvis
967 3248 1001 3302 de
1019 3247 1204 3301 Romanorum
1221 3264 1319 3302 scaena
1337 3246 1475 3316 loquatur.
1511 3251 1552 3305 De

392 3332 452 3403 ipsa
468 3333 599 3388 nimirum
612 3334 776 3390 Graecorum
796 3350 902 3397 scaena,
920 3333 1022 3405 quippe
1035 3351 1107 3403 quae
1123 3334 1213 3388 minus
1232 3334 1383 3403 pertineret
1401 3336 1437 3388 ed
1448 3335 1549 3390 Roma·

392 3436 441 3473 nos
459 3420 583 3484 lectores,
610 3437 665 3475 non
688 3423 743 3474 tarn
768 3423 895 3476 accurate
911 3421 1048 3492 disputat,
1073 3423 1278 3477 verumtamen
1300 3437 1369 3487 quae
1396 3422 1483 3476 tradit
1507 3422 1551 3477 ita

392 3507 516 3578 exponit,
543 3510 575 3561 ut
600 3524 655 3562 non
675 3507 834 3577 imperitum
859 3526 887 3563 se
910 3509 1049 3580 praebeat.
1086 3510 1233 3564 Praeterea
1257 3509 1552 3563 Schoenbornius

392 3594 421 3665 (l.
440 3593 458 3648 l.
477 3610 505 3663 p.
522 3593 565 3664 14)
586 3593 642 3649 iarn
666 3594 734 3670 satis
752 3596 942 3665 comprobavit
965 3595 1085 3651 Vitruvii
1110 3599 1260 3667 praecepta
1283 3613 1344 3650 curn
1365 3595 1551 3649 monumentis

392 3699 463 3752 quae
481 3681 611 3737 dicuntur
629 3699 735 3753 semper
752 3682 808 3737 fere
827 3683 990 3739 consentire.

460 3789 487 3858 2)
514 3788 548 3843 of.
566 3767 713 3844 Ottonis
730 3788 925 3844 Ribbeokii
944 3787 1106 3845 Gesohichta
1122 3788 1171 3842 der
1187 3794 1255 3843 idm.
1273 3786 1407 3872 Tragddie
1426 3785 1552 3856 (Leipzig

393 3875 470 3946 1879)
488 3893 515 3946 p.
532 3876 565 3930 21
577 3893 636 3945 sqq.
1381 3875 1383 3878 ’

458 3981 489 4051 3)
508 3981 524 4036 J
531 3980 690 4035 ohannes
713 3980 883 4048 Niejahr:
908 3977 1081 4048 quaestiones
1100 3976 1276 4047 Aristophan.
1299 3976 1412 4032 scaenis.
1431 3974 1551 4046 (dissert.

391 4068 546 4139 inaugural.
566 4067 767 4139 Gryphiswald.
788 4067 866 4136 18m)
884 4083 911 4136 p.
929 4066 971 4120 lo.

459 4172 486 4241 4)
504 4170 672 4226 Erasinus
692 4169 829 4225 Rohde:
858 4169 892 4224 de
910 4166 976 4221 Iulii
996 4167 1114 4222 Pollucis
1130 4165 1159 4219 in
1177 4168 1313 4237 apparatu
1337 4164 1450 4219 scaenic.
1469 4182 1550 4219 enar-

391 4260 476 4315 rando
494 4259 630 4323 fontibus,
648 4258 719 4329 Lips.
738 4257 813 4313 1870.

459 4364 486 4433 5)
504 4364 539 4419 ef.
558 4360 805 4417 Kawerarium
823 4359 842 4415 l.
862 4358 880 4413 l.
898 4375 924 4428 p.
944 4356 1018 4412 1738.
