3225 5200
951 497 992 561 20

495 674 554 755 ἐμὲ
575 676 628 740 δεῖ
646 676 811 754 κελαδεῖν,
842 676 900 757 ἐμὲ
920 676 976 738 δεῖ
994 681 1153 758 παταγεῖν

495 777 538 839 οἷν
560 773 638 859 ὄρεα
657 780 801 858 θέμενον
822 776 906 856 μετοῖ
930 775 1088 840 Ναϊάδων

495 867 548 940 οἷοὶ
570 900 606 939 τε
627 876 744 939 κύκνον
766 872 888 957 ἄγοντα

494 975 741 1057 ποικιλόπτερον
761 975 857 1055 μέλος

495 1080 557 1138 coir
577 1076 695 1138 οἷοιδοῖν
716 1083 874 1147 κατέστας
897 1074 941 1138 ari
962 1075 1072 1158 Πιερὶς
1090 1074 1237 1156 parthi·
1280 1076 1298 1138 ὁ
1319 1075 1459 1149 δἀιῖλός

729 1232 733 1236 .
808 1171 946 1256 ὕστερον
966 1182 1146 1255 χορευέτω..

885 1300 912 1339 κ.
956 1297 983 1338 τ.
1026 1274 1053 1337 λ.

474 1392 531 1456 His
560 1410 597 1456 ex
624 1391 726 1457 verbis
761 1391 950 1456 Wieselerus
982 1391 1133 1456 conclusit
1164 1390 1329 1455 choreutas
1361 1391 1392 1454 ln
1430 1390 1551 1472 pulpito

391 1492 549 1575 θυμέλης,
576 1510 669 1572 quam
692 1491 912 1574 πολυπάταγα
933 1491 1078 1556 saltando
1101 1491 1283 1570 redderent,
1311 1497 1417 1571 partes
1439 1492 1552 1571 egisse.

391 1592 489 1670 Quem
518 1594 549 1656 in
572 1593 671 1657 locum
694 1592 720 1656 si
749 1593 926 1657 accuratius
947 1592 1117 1673 inspexeris
1140 1591 1213 1655 mihi
1242 1590 1393 1656 concedes
1416 1590 1454 1655 de
1479 1591 1549 1670 ipso

389 1693 509 1774 pulpito
525 1692 657 1774 quodam
678 1692 752 1755 nihil
769 1693 910 1756 inueniri.
951 1694 1048 1757 Immo
1064 1710 1137 1756 vero
1155 1692 1298 1774 θόρυβος
1316 1700 1349 1754 et
1362 1689 1550 1772 χορεύματα

389 1793 442 1857 illa
463 1799 573 1874 aperte
593 1791 633 1855 ad
657 1791 801 1856 tibiarum
824 1792 987 1873 strepitum
1010 1798 1168 1873 spectant,
1198 1791 1279 1874 quod
1303 1791 1377 1871 ipsis
1399 1789 1549 1854 Pratinae

388 1892 491 1958 verbis
512 1892 529 1955 ὁ
551 1893 579 1954 δ’
590 1891 686 1967 αὐλὸς
701 1942 707 1957 .
725 1943 731 1954 .
750 1941 780 1956 ..
808 1900 966 1973 χορευέτω
995 1893 1072 1957 satis
1102 1891 1302 1957 confirmatur
1315 1890 1347 1971 ¹).
1389 1890 1424 1955 ld
1450 1890 1549 1970 igitur

388 2001 535 2075 statuant,
559 1994 714 2074 thymelen
735 2012 792 2075 pro
813 2000 881 2058 tota
900 1992 1069 2070 orchestra,
1090 1993 1175 2057 cuius
1199 1990 1332 2055 medinm
1355 1990 1453 2054 locum
1476 2008 1546 2054 eam

385 2094 557 2159 obtinuisse
574 2092 638 2157 v'eri
659 2094 791 2174 simile²l
811 2093 943 2175 videtur,
967 2098 999 2156 ut
1019 2094 1142 2173 saepius
1164 2090 1243 2170 fit⁸),
1266 2091 1323 2155 hoc
1338 2107 1460 2171 quoque
1478 2089 1547 2154 loco
1605 2112 1606 2173 r

386 2193 545 2275 poetice⁴l
579 2194 733 2274 usurpari.
787 2192 932 2258 Ceterum
955 2192 1106 2256 Athenaei
1135 2190 1230 2255 verba
1258 2188 1460 2270 κατεχόντων
1488 2190 1547 2262 τοὶς
1605 2180 1606 2197 ’

457 2436 482 2505 1)
509 2435 612 2504 optime
637 2436 733 2490 contra
760 2435 975 2490 Odofredum
1002 2434 1211 2489 Muellerum
1235 2434 1377 2505 (Aeschyli
1402 2433 1551 2495 Eumenid,

387 2521 511 2592 Gotting.
533 2521 607 2587 1833,
626 2521 769 2592 appendic.
789 2540 815 2591 p.
834 2523 878 2593 36)
902 2538 1061 2591 repugnans
1078 2520 1304 2575 Godofredus
1322 2521 1545 2575 Hermannus

385 2610 488 2676 (opusc.
508 2608 554 2672 VI,
573 2627 599 2678 p.
619 2609 680 2679 147)
698 2609 826 2663 disseruit
845 2610 918 2682 ὕβριν
936 2609 1082 2664 tibicinum
1100 2625 1155 2662 non
1173 2626 1205 2662 eo
1223 2608 1371 2663 consistere
1390 2609 1462 2677 quod
1482 2608 1544 2677 thy-

385 2694 475 2749 melen
496 2695 704 2764 occupaverint,
729 2712 811 2765 quem
831 2697 923 2750 locum
944 2713 1050 2767 semper
1069 2712 1114 2751 eos
1133 2694 1282 2749 obtinuisse
1301 2710 1364 2747 mox
1384 2693 1544 2758 videbimus,

384 2780 431 2833 sed
450 2796 483 2834 ea
500 2778 529 2833 in
548 2796 576 2833 re
594 2783 668 2854 qaod
686 2782 789 2852 primas
806 2800 878 2851 quae
895 2782 970 2836 chori
990 2782 1093 2836 fuerint
1112 2784 1205 2851 partes
1222 2798 1304 2852 agere
1322 2780 1414 2835 conati
1432 2781 1495 2836 sint.

453 2904 480 2970 2)
507 2902 541 2956 of.
569 2903 700 2958 Godofr.
726 2903 903 2957 Hermanni
928 2904 1049 2971 opuscul.
1070 2903 1116 2970 VI,
1137 2904 1193 2957 152.
1231 2901 1542 2956 Sommerbrodtiunr

383 2987 401 3040 l.
420 2987 437 3041 l.
456 3007 482 3057 p.
500 2989 550 3052 27,
579 2989 779 3045 Kaweravii
802 2991 819 3043 l.
841 2990 858 3043 l.
876 3008 902 3058 p.
925 2989 991 3042 1740
1012 2989 1080 3044 haee
1105 2990 1203 3044 verba:
1232 2991 1306 3043 »eine
1330 2990 1475 3059 Betonurrp
1496 2988 1542 3043 des

384 3074 586 3144 Mittelpurrctes
609 3075 656 3131 des
682 3078 823 3132 Orchestra
840 3076 930 3145 findet
950 3077 1008 3131 sich
1029 3078 1059 3130 in
1084 3076 1136 3130 ders
1163 3077 1296 3130 Theatern
1318 3093 1353 3130 κα
1376 3075 1542 3144 Epidaurus

382 3161 439 3215 aad
464 3163 499 3215 im
526 3163 652 3217 Piraeus.
692 3163 766 3217 Dort
793 3161 942 3218 bezeichnet
963 3163 1007 3216 ein
1028 3161 1171 3217 besonders
1192 3162 1349 3231 cispetepter
1368 3160 1542 3215 kreisruuder

385 3250 460 3304 Staio
478 3248 529 3302 das
550 3249 694 3314 Zerrtrum,
718 3250 778 3305 hier
793 3251 831 3304 ist
846 3266 935 3319 perrari
954 3252 991 3303 im
1005 3250 1184 3318 Mittelpunht
1197 3251 1244 3308 ,ciri
1258 3250 1331 3303 Lech
1348 3250 1378 3302 ia
1390 3247 1441 3302 den
1457 3248 1540 3305 Fass-

383 3334 469 3390 boden
493 3336 676 3405 etapepraheri.
722 3337 887 3391 Vermuth'ch
908 3335 1009 3403 durren
1028 3337 1079 3389 cuir
1101 3335 1173 3390 disse
1193 3336 1310 3390 Zeichen
1334 3336 1376 3390 aa
1392 3335 1474 3390 Reate
1493 3335 1541 3390 der

383 3420 571 3492 Standspuren
594 3438 648 3476 οοιι
670 3423 785 3477 Aliciren
810 3423 938 3486 anscheri,
966 3423 1064 3477 welche
1088 3424 1118 3476 ia
1142 3420 1190 3476 der
1217 3423 1299 3476 Mitte
1322 3419 1371 3476 der
1396 3422 1540 3478 Orchestra

382 3509 538 3577 aajpestetlt
557 3524 674 3563 waren«.

449 3618 475 3685 3)
494 3618 720 3688 Phrynichus
739 3618 779 3673 ed.
796 3617 918 3685 Lobeek,
944 3636 970 3688 p.
990 3619 1049 3672 163.
1080 3620 1204 3687 θυμέλην,
1240 3619 1316 3670 τοῦτο
1335 3622 1358 3668 οἱ
1372 3621 1419 3679 uir
1437 3619 1539 3691 ιῖρχαῒοι

381 3705 440 3756 ἀντὶ
457 3705 502 3756 τοῖι
521 3710 617 3757 θυσίαι
635 3709 747 3759 ἐτίθουν.
775 3707 800 3756 οἱ
816 3707 844 3757 ol
866 3706 909 3757 νῦν
930 3704 973 3759 eat
992 3700 1037 3755 τοῖν
1055 3710 1134 3756 sirion
1152 3704 1226 3772 ἐντῷ
1237 3707 1348 3775 θεάτρῳ,
1366 3710 1393 3758 ie
1404 3697 1539 3777 pertineat

380 3793 421 3841 sai
441 3793 578 3863 κιθαρῳδοὶ
602 3793 643 3842 καλ
663 3791 732 3843 ἄλλοι
752 3794 818 3851 τινὲς
834 3790 1006 3858 ἀγωνίζονται.
1042 3794 1072 3844 or'·
1097 3798 1183 3852 μέντοι
1205 3795 1272 3842 ἔνθα
1295 3795 1341 3853 pir
1364 3794 1476 3863 κωμμδολ
1497 3795 1539 3845 nal

381 3879 505 3947 τραγῳδοὶ
524 3877 688 3944 ἀγωνίζονται
706 3880 799 3945 λογεῖον
815 3883 884 3951 ἐρεῖς·
916 3883 983 3930 ἔνθα
1002 3880 1030 3930 di
1048 3881 1074 3928 οἱ
1086 3880 1194 3945 αλληταλ
1211 3881 1252 3928 καλ
1270 3881 1282 3928 ὁ
1297 3881 1370 3949 χορὸς
1384 3880 1537 3952 ὀρχήστραν·

379 3966 414 4031 μή
440 3965 494 4029 Mys
519 3966 547 4016 ὄλ
571 3967 693 4033 θυμέλην.
721 3996 754 4004 -
782 3965 920 4019 Vitruv.
941 3965 972 4029 V,
991 3966 1015 4025 8,
1035 3970 1063 4018 2:
1099 4005 1105 4017 .
1125 4004 1157 4019 ..
1181 3966 1323 4034 pulpitum
1348 3966 1422 4035 qaod
1444 3969 1537 4034 λοχειον

379 4052 529 4120 appellant,
554 4051 615 4106 idco
640 4053 714 4122 quod
736 4069 766 4108 eo
791 4055 891 4123 tropici
915 4060 940 4108 et
964 4053 1059 4106 comici
1083 4059 1188 4107 actores
1218 4053 1248 4105 in
1271 4069 1370 4107 scaena
1390 4060 1536 4124 perrepunt,

377 4137 476 4204 reliqui
500 4144 590 4193 autem
612 4140 731 4209 artifices
755 4156 821 4195 suas
837 4157 888 4210 per
906 4142 1070 4194 orchestram
1087 4145 1231 4207 praestant
1249 4140 1370 4194 actiones
1391 4140 1486 4210 itaque
1503 4158 1537 4196 τα

378 4239 408 4276 eo
425 4227 542 4280 scaenici
558 4232 584 4280 et
601 4227 737 4296 thymelici
752 4243 848 4296 praece
865 4225 1013 4296 separatim
1032 4227 1216 4279 nominantur.

445 4345 473 4412 4)
495 4347 530 4399 cl'.
549 4345 822 4401 Sommerbrodt.
843 4346 859 4399 1.
880 4346 897 4399 l.
916 4364 943 4415 p.
961 4346 1002 4399 93.
