3225 5200
673 502 713 565 a5

193 675 255 742 Sed
284 696 418 769 quaeras
444 679 593 761 forsitan,
632 697 723 760 quam
753 699 810 745 nos
840 678 1043 760 profiteamur
1072 681 1110 746 de
1138 681 1273 763 thymele
1333 675 1340 685 '

109 776 310 842 sententiam.
363 778 430 856 Qua
461 780 493 843 in
524 798 559 843 re
589 784 761 860 opportune
798 779 887 844 nobis
916 778 1092 845 offeruntur
1119 781 1274 846 Sommer-

108 873 230 938 brodtii
252 876 284 956 (l.
301 876 321 940 l.
338 897 368 958 p.
387 880 438 958 34)
460 878 572 942 verba:
598 880 770 961 atbpmebcrc
785 881 921 960 proprie
940 880 1044 963 faisse
1065 902 1167 958 aram,
1190 903 1273 946 cara·

109 994 179 1054 que,
205 981 362 1042 exstructo
384 980 471 1060 apud
493 980 630 1043 Graecos
653 979 783 1057 theatro,
806 982 841 1042 ire
864 979 1024 1045 orchestra
1041 981 1181 1060 positura
1202 1001 1274 1045 macc

108 1074 219 1154 ipsius
240 1077 417 1143 orchestrae
439 1080 503 1142 uim
523 1079 696 1144 obtinuisse
718 1099 756 1144 ac
774 1086 989 1161 potestatem
1027 1079 1160 1145 Multum
1177 1080 1273 1161 igitur

109 1171 204 1236 abest
226 1175 299 1255 quin
322 1175 359 1241 de
382 1178 486 1259 amplo
509 1178 641 1259 quodam
668 1178 789 1260 pulpito
813 1178 992 1259 cogitemus.
1035 1180 1136 1261 Atque
1157 1178 1273 1258 optime

107 1272 200 1337 nobis
221 1276 413 1340 auxiliantur
427 1277 562 1342 Pollucis
577 1279 639 1360 (IV,
656 1278 726 1361 123)
749 1278 802 1341 illa
827 1278 937 1342 verba:
960 1279 1088 1360 θυμέλη
1104 1276 1170 1339 εἴτε
1184 1275 1273 1359 βῆμά

107 1395 138 1435 ce
160 1362 249 1439 οὖσα
271 1374 337 1437 εἴτε
356 1374 478 1457 βωμός,
509 1394 611 1461 neque
632 1379 663 1442 in
684 1396 721 1441 eo
744 1376 954 1459 offendamus,
983 1379 1067 1458 quod
1091 1395 1176 1441 aram
1199 1394 1273 1456 sug·

107 1480 222 1554 gestus
245 1474 374 1538 similem
396 1476 609 1558 posuerimus,
640 1494 708 1541 oum
732 1477 946 1541 testimonium
967 1477 1058 1542 huius
1078 1477 1123 1540 rei
1146 1482 1272 1557 praesto

108 1573 174 1636 sint
198 1573 353 1638 Eustathii
384 1575 425 1656 (p.
448 1579 570 1656 tanto
600 1576 638 1639 ad
669 1576 761 1640 Hom.
791 1576 879 1640 Iliad.
909 1582 937 1658 8,
953 1577 1026 1657 441)
1056 1577 1133 1641 haec
1161 1576 1271 1639 verba:

107 1673 221 1753 βωμός
242 1673 280 1736 ori
301 1674 402 1755 μόνον
422 1676 473 1757 ἐφ’
495 1664 541 1738 οἷν
564 1676 682 1755 ἔθυον,
708 1675 794 1738 ἄλλα
816 1677 869 1738 καὶ
893 1665 1065 1758 κτίσματι
1085 1675 1197 1749 ἁπλῶς
1218 1675 1272 1738 καὶ

107 1772 307 1857 ἀνάστημα,
328 1775 379 1857 ἐφ’
401 1762 441 1837 ab
462 1778 533 1839 ἔστι
552 1777 655 1860 βῆναί
672 1799 707 1837 τε
729 1777 782 1839 καὶ
803 1780 954 1859 τεθῆναι.

195 1889 264 1954 Hac
285 1890 315 1953 in
338 1890 488 1972 thymele,
518 1892 599 1956 circa
621 1909 730 1973 quam,
759 1892 790 1955 in
814 1892 973 1957 orchestra
994 1891 1131 1968 scilicet,
1158 1889 1271 1953 chorus

110 1987 261 2068 saltabat,
286 1988 440 2053 tibicinem
463 1990 510 2054 vel
533 1990 725 2056 citharistam
747 1991 875 2056 stetisse
896 1991 1061 2055 simulacra
1082 1990 1135 2054 illa
1158 2006 1272 2070 oppor-

110 2092 186 2149 tune
210 2093 378 2168 testantur,
398 2108 466 2153 cum
489 2091 548 2153 iam
573 2109 608 2154 ex
632 2110 735 2154 rerum
755 2086 870 2155 natura
891 2090 1010 2155 eluceat
1032 2089 1109 2167 illos,
1133 2107 1210 2171 quos
1232 2088 1271 2151 ad

102 2186 198 2268 ‚chori
219 2188 355 2251 carmina
375 2187 488 2252 fidibus
503 2190 551 2255 vel
574 2190 659 2254 tibiis
684 2191 834 2255 cecinisse
857 2192 933 2255 satis
949 2197 1055 2255 uotum
1074 2195 1132 2271 est,
1155 2189 1270 2253 elatum

109 2287 269 2370 quendam
291 2288 392 2352 locum
413 2290 444 2352 in
465 2288 625 2354 orchestra
648 2290 818 2355 obtinuisse
831 2291 863 2371 ¹).

193 2402 241 2465 De
257 2401 443 2468 rhabduchis
463 2405 522 2470 illis
538 2406 629 2470 aliam
649 2408 834 2472 senteutiam
849 2405 1001 2487 proferam
1019 2421 1112 2487 quam
1124 2402 1272 2467 Albcrtus

109 2501 280 2569 Muellerus
312 2504 345 2585 (l.
379 2505 398 2569 l.
430 2524 459 2586 p.
498 2510 555 2569 136
587 2513 617 2569 et
647 2525 677 2585 p.
712 2506 800 2586 aul),
835 2504 888 2587 qui
918 2504 1117 2568 Wieselerum
1148 2509 1271 2567 secutus

110 2605 240 2682 praeter
273 2602 398 2668 chorum
431 2612 463 2668 et
494 2606 651 2670 tibicinem
679 2606 736 2670 hos
767 2623 892 2688 quoque
931 2605 963 2668 in
995 2603 1129 2685 thymele
1157 2602 1271 2683 posuit.

110 2701 192 2765 Nam
217 2703 279 2767 duo
308 2703 361 2767 illa
388 2705 553 2769 simulacra
581 2706 774 2770 rhabduchos
804 2724 865 2768 non
893 2705 923 2767 in
955 2704 1024 2784 ipsa
1053 2702 1187 2784 thymele
1217 2702 1269 2765 sed

111 2801 199 2865 iuxta
228 2820 294 2865 eam
324 2806 388 2868 sive
416 2811 537 2870 stantes
567 2807 630 2870 sive
659 2806 801 2869 sedentes
831 2803 995 2885 praebent.
1041 2802 1152 2886 Neque
1180 2802 1270 2865 nohis

110 2907 268 2982 repugnat
295 2903 473 2986 scholiasta,
503 2906 555 2987 qui
582 2906 621 2968 ad
651 2902 867 2985 Aristophanis
888 2903 979 2967 Pacis
1001 2922 1028 2967 v.
1052 2907 1121 2984 733,
1151 2901 1270 2965 Duehn.

109 2999 188 3064 haec
208 3001 356 3066 adnotat:
387 2994 473 3087 ἦσαν
494 3006 551 3068 ἐπὶ
581 3008 638 3088 τῆς
658 3005 801 3087 θυμέλης
824 3002 1022 3085 ῥαβδοφόροι
1044 3007 1141 3080 τινὲς,
1166 2999 1204 3064 οἵ
1217 3004 1272 3083 τῆς

110 3099 287 3178 εὐκοσμίας
304 3103 456 3183 ἐμέλοντο
472 3107 537 3165 τῶν
552 3107 694 3182 θεατῶν,
715 3100 738 3187 ἢ
757 3101 955 3184 ῥαβδούχους
975 3094 1050 3164 εἶπέ
1068 3102 1142 3174 τούς
1163 3102 1272 3182 κριτάς

109 3204 172 3262 τοῦ
198 3201 332 3281 α’γῶνος,
362 3200 415 3275 οὓς
439 3202 456 3265 b
479 3203 612 3286 ποιητής
638 3201 839 3285 αἰσυμνήτας
876 3193 1022 3281 εἶπονῆ,
1053 3220 1120 3266 cum
1157 3200 1271 3282 quibus

110 3299 188 3364 locis
211 3302 260 3365 ille
281 3300 431 3383 thymeles
449 3320 524 3366 voce
556 3308 664 3366 utatur
696 3304 734 3366 do
756 3303 822 3382 ipso
844 3301 932 3380 logeo
953 3301 1122 3379 cogitemus
1147 3316 1272 3363 necesse

111 3399 198 3476 sitssi.
240 3398 445 3476 Quamobrem
468 3419 505 3464 eo
528 3400 747 3481 inclinaverim,
767 3406 803 3465 ut
825 3404 984 3465 autumem
1006 3398 1064 3464 hoc
1085 3399 1272 3464 scholiastae

184 3615 209 3680 l)
229 3612 335 3680 quade
360 3630 389 3667 re
409 3630 502 3668 omnes
526 3614 583 3669 fere
607 3614 660 3669 viri
684 3614 757 3670 docti
779 3615 962 3669 consentiunt.
1000 3613 1129 3669 Conferas
1147 3614 1181 3666 ad
1200 3612 1273 3666 hunc

112 3699 203 3753 locum
221 3697 327 3753 schol.
346 3699 386 3752 ad
407 3699 570 3755 Acachia.
590 3701 764 3756 Timarch.
784 3700 934 3769 (Abhandl.
951 3700 998 3752 der
1012 3699 1112 3752 Berlin.
1129 3699 1273 3752 Academia

112 3785 160 3839 der
179 3784 383 3839 Wiesenechafb.
416 3787 490 3841 1836.
524 3808 551 3858 p.
573 3788 647 3856 288):
673 3792 700 3840 ἓν
723 3799 775 3846 τοῖς
798 3800 882 3858 χοροῖς
906 3789 933 3839 δι’
951 3789 1126 3844 succurritne
1144 3786 1271 3845 μέσοςῖο-

112 3891 175 3921 roro
187 3871 305 3939 αὐλητής,
324 3889 395 3939 quae
410 3873 491 3925 verba
501 3874 584 3926 etiam
602 3875 637 3927 ad
653 3874 764 3927 chorum
780 3890 862 3941 quem
876 3872 972 3926 dicunt
985 3873 1121 3941 tragicum
1136 3872 1272 3938 quadrare

113 3956 318 4010 Wieselerus
336 3958 470 4026 (thymele
487 3976 514 4026 p.
533 3961 578 4028 43)
596 3960 662 4013 satis
681 3960 818 4028 probarit.
848 3958 964 4026 Reliqua
982 3958 1015 4012 de
1033 3959 1084 4011 hac
1103 3975 1132 4011 re
1149 3957 1271 4011 invenies

99 4044 188 4112 apud
208 4043 392 4097 Alhertum
410 4044 623 4099 Muellerum
641 4047 659 4099 l.
679 4046 698 4099 l.
716 4064 741 4115 p.
762 4046 828 4111 136,
848 4046 911 4100 adn.
933 4047 956 4098 l.

183 4145 211 4206 2)
229 4144 343 4213 repetiit
360 4145 488 4199 Suidas
509 4165 528 4200 s.
548 4166 572 4202 v.
591 4148 737 4215 ῥαβδοῦχοι.

180 4247 208 4315 3)
225 4247 259 4300 cf.
283 4247 392 4301 schol.
415 4249 457 4302 ad
482 4249 602 4316 Equit.
627 4268 651 4304 v.
678 4251 727 4305 149
751 4251 927 4305 Diubn.....
955 4249 988 4308 ὡς
1011 4252 1037 4299 ἓν
1069 4248 1169 4320 θομίλῃ
1191 4247 1219 4296 δὲ
1243 4247 1271 4296 τὸ

18 4349 20 4360 ’
114 4334 235 4398 ἀνάβαινε
259 4333 340 4403 (idem
365 4333 469 4403 placuit
490 4333 757 4418 Schoenbornio
781 4336 799 4389 l.
818 4337 837 4389 l.
861 4352 888 4403 p.
906 4336 956 4388 317
974 4333 1004 4386 in
1022 4334 1107 4401 adn).
1144 4330 1217 4384 idem
1236 4330 1271 4383 ad
