3225 5200
890 482 931 544 54

333 653 424 718 inane
445 654 608 735 reliquisse
630 661 806 722 statuamus
830 664 963 740 oportet.
1007 657 1115 741 Neque
1140 676 1233 738 porro
1246 658 1342 740 ipsius
1363 659 1496 724 fabulae

332 754 539 819 testimonium
570 756 658 820 deest
687 757 873 822 confirmans
902 758 970 822 illos
998 777 1054 838 per
1081 757 1205 837 longum
1224 764 1342 839 tempus
1362 777 1419 839 per
1440 778 1494 822 or-

331 851 482 918 chestram
511 855 673 934 migrasse,
708 875 815 922 versus
851 857 965 922 scilicet
1000 861 1060 921 297
1095 874 1158 937 quo
1188 858 1340 937 Dionysus
1380 860 1494 922 timore

332 959 551 1035 monstrorum,
580 973 658 1035 quae
679 955 833 1020 Xanthias
860 975 895 1020 se
916 958 1053 1037 aspicere
1070 957 1209 1038 simulat,
1231 957 1270 1021 ad
1294 957 1490 1021 sacerdotem

331 1069 429 1132 suurn,
458 1054 542 1117 cuius
570 1054 677 1119 sellam
707 1055 790 1120 inter
817 1055 935 1136 primas
964 1062 1171 1137 spectatorum
1195 1057 1285 1121 sedes
1307 1056 1491 1122 collocatam

329 1149 423 1216 fuisse
444 1153 522 1217 satis
542 1152 709 1235 constan),
731 1154 884 1235 confugit:

453 1250 548 1333 ἱερεῦ,
570 1252 773 1336 διαφύλαξόν
794 1277 845 1334 με,
867 1253 907 1318 ἵν’
929 1243 956 1317 ci
979 1272 1030 1316 σοι
1047 1252 1225 1335 ξυμπότης,

332 1350 414 1430 quod
432 1350 582 1432 refugium
599 1354 698 1418 v.307
713 1353 859 1437 relinquit
881 1355 964 1418 etin
987 1353 1177 1417 orchestram
1200 1351 1325 1431 redit2).
1369 1352 1492 1416 Deinde

331 1446 427 1513 choro
448 1470 475 1514 v.
492 1453 552 1516 324
581 1453 722 1533 ingresso
752 1453 908 1533 Dionysus
938 1458 971 1517 et
1000 1452 1153 1516 Xanthias
1184 1469 1251 1515 cum
1280 1450 1434 1516 choreutis
1456 1452 1490 1514 in

333 1547 492 1615 orchestra
525 1551 691 1634 saltarent,
727 1552 757 1615 id
787 1551 871 1635 quod
898 1571 915 1616 e
939 1552 1104 1616 versulld
1133 1569 1179 1632 sq.
1209 1551 1364 1615 concludo.
1409 1551 1491 1614 Tum

331 1666 460 1728 percos
488 1651 636 1716 certiores
658 1650 741 1731 facti,
770 1651 895 1715 ubinam
922 1650 1030 1715 domus
1058 1650 1197 1714 Plutonis
1225 1651 1408 1715 invenienda
1435 1651 1491 1731 sit,

250 1812 253 1817 .
330 1747 421 1812 arnbo
450 1749 492 1813 illi
520 1751 552 1814 in
580 1750 702 1831 logeum
726 1751 868 1831 redeunt,
900 1769 961 1832 quo
995 1754 1096 1815 ulto
1124 1754 1198 1812 aute
1227 1749 1336 1813 domus
1364 1756 1489 1830 portam

331 1847 516 1912 consistunt.
559 1849 604 1914 De
625 1848 684 1914 fine
693 1849 817 1915 fabulae
831 1868 924 1929 supra
944 1849 985 1931 (in
1002 1867 1073 1930 pag.
1090 1852 1140 1928 38)
1163 1850 1241 1913 satis
1255 1849 1498 1929 disputavimus:

329 2012 393 2048 nam
419 1996 546 2050 »credant
568 2002 734 2066 spectatores
758 1997 835 2051 iussa
852 2003 963 2065 poetae,
986 1996 1088 2050 nodam
1106 1997 1299 2066 proscaenium
1318 2012 1373 2050 esse
1389 1997 1490 2062 locum,

329 2082 437 2136 domam
457 2084 584 2138 Herculis
597 2090 714 2153 prorsas
729 2084 887 2153 neglegunt<
909 2087 981 2153 (pag.
1001 2083 1051 2147 17).

398 2169 424 2237 1)
450 2186 520 2237 quae
545 2171 573 2222 in
599 2169 713 2239 Dionysi
740 2169 854 2224 Athenis
878 2170 988 2223 theatro
1011 2168 1128 2221 medium
1153 2169 1241 2221 infimi
1266 2169 1357 2222 sedum
1382 2168 1489 2221 ordinis

329 2255 418 2308 locum
445 2254 568 2323 obtinet;
595 2255 628 2308 cf.
654 2256 840 2310 Albertum
865 2254 1080 2307 Muellerum
1099 2254 1116 2307 l.
1136 2255 1153 2308 l.
1178 2273 1203 2322 p.
1218 2255 1251 2308 93
1274 2273 1332 2323 sqq.
1357 2255 1441 2307 adnot
1471 2256 1489 2308 8

329 2343 358 2392 et
377 2357 440 2409 pag.
454 2340 494 2405 94,
513 2340 713 2395 Visoherum
733 2343 760 2394 in
780 2358 863 2395 neues
880 2339 1000 2394 schweiz.
1020 2341 1142 2394 Museum
1170 2340 1243 2402 1863,
1260 2358 1285 2408 p.
1299 2342 1339 2393 46.

397 2427 423 2492 2)
442 2428 665 2481 scholiastae
683 2428 717 2481 de
735 2428 787 2481 hoc
810 2428 872 2481 loco
893 2431 928 2494 (v.
947 2427 996 2479 297
1014 2426 1112 2495 Diibn.)
1136 2426 1211 2480 varia
1232 2426 1384 2494 proferunt:
1409 2433 1488 2492 quat-

328 2517 390 2564 tuor
414 2511 528 2576 codices,
561 2511 590 2565 in
615 2513 710 2579 quibus
734 2512 875 2566 Ravennas
907 2520 934 2563 et
961 2511 1080 2564 Venetus
1114 2512 1164 2564 hoc
1193 2512 1316 2565 scholion
1343 2511 1488 2566 exhibent:

327 2600 409 2668 ἱερέως
434 2600 501 2657 τινός
530 2598 726 2659 dotatissima
753 2600 825 2667 αὐτῷ
853 2605 986 2666 μέμνηται,
1021 2614 1090 2664 quae
1118 2597 1153 2651 ad
1178 2597 1260 2651 verba
1283 2598 1352 2652 alius
1373 2597 1490 2651 adnotat

328 2682 425 2750 (Diibn.
443 2684 545 2752 297‚45
565 2686 649 2751 sqq,):
682 2688 707 2736 oi
733 2687 761 2736 δέ
792 2706 867 2746 φασιν
893 2687 989 2736 ἄτοπον
1012 2677 1076 2734 εἶναι
1100 2682 1206 2743 νομίζειν
1228 2686 1374 2736 ἀκολουθεῖν
1398 2686 1489 2744 celsosq

327 2773 401 2837 r‘eps'm.
435 2773 470 2838 μή
501 2771 550 2840 γάρ
579 2775 754 2833 ἐμφαίνεσθαι,
789 2774 818 2823 τό
844 2773 868 2823 δ’
894 2774 991 2839 α’ληίλίς
1013 2773 1091 2829 οἱῖτως
1113 2774 1187 2835 ἔχειν.
1223 2772 1248 2820 οί
1267 2772 1384 2835 μεγάλοις
1403 2780 1489 2829 κακοῖς

320 2847 605 2927 ιπεριπίπτοντοςπρὸς
628 2859 700 2928 ίερνῒς
724 2859 861 2926 ἐρχόμενοι,
880 2860 986 2909 ἱκέτευον
1003 2858 1094 2915 irrisorie
1109 2857 1185 2920 εὐχᾶς
1205 2856 1267 2924 ὑπέρ
1285 2858 1371 2908 αὐτῶν
1388 2866 1487 2907 ποιεῖσ-

327 2945 375 2991 θαι
399 2945 433 3001 εἰς
454 2943 612 3010 ἀπαλλαγήν.
647 2947 713 2997 κατά
738 2936 781 2996 orie
800 2953 908 3013 μίμησιν
932 2949 1029 2995 ἐκείνων
1053 2946 1094 2994 καὶ
1111 2936 1182 3001 οὗτος
1200 2943 1244 2993 νῦν
1261 2945 1334 3007 λέγει.
1370 2946 1436 3007 ε”χνιν
1456 2946 1489 2995 di

327 3047 387 3084 perne
405 3029 445 3076 καί
455 3028 527 3093 λόγον
545 3034 611 3080 strat
620 3052 686 3091 τινος
703 3036 747 3082 τόν
767 3040 856 3097 στίχον
868 3031 973 3098 ποιητοῦ
992 3031 1037 3081 νῦν
1057 3031 1243 3097 διασυρόμενου.
1279 3029 1354 3083 Unus
1366 3029 1487 3083 Venetus

327 3112 396 3166 haec
423 3114 506 3167 verba
531 3116 640 3170 exhibet
662 3118 901 3185 (Diihn.297‚41):
922 3119 992 3188 παρὰ
1016 3128 1072 3176 ταῖς
1090 3121 1163 3174 θέαις
1182 3117 1303 3186 προεδρίᾳ
1323 3120 1454 3183 ἐτετίμητο
1474 3118 1487 3166 ὁ

327 3200 405 3267 leofric
429 3200 473 3251 τοῦ
497 3203 626 3257 Διονύσου.
663 3208 727 3273 πρός
753 3208 892 3273 συνήθειαν
917 3196 960 3257 οἶν
978 3205 1047 3255 καλεῖ
1064 3204 1074 3253 ὁ
1093 3205 1209 3259 Διόνυσος
1233 3205 1277 3252 τὸν
1296 3203 1361 3266 ἱνρία
1379 3223 1399 3252 κ,
1416 3222 1440 3252 τ.
1461 3203 1486 3253 λ.

327 3284 543 3354 Droysenius
562 3295 598 3357 (p.
615 3290 717 3354 73174),
740 3292 973 3360 Hoeplcenins
991 3293 1030 3358 (p.
1047 3291 1087 3354 9),
1116 3288 1391 3344 Schoenhornius
1412 3290 1486 3355 (pag.

326 3371 388 3437 356)
406 3372 506 3427 illosin
526 3391 623 3430 scaena
632 3378 799 3433 ambulantes
809 3379 920 3447 fingunt.
957 3377 1104 3432 Nobiscum
1116 3375 1285 3428 consentiunt
1303 3373 1487 3426 Genellius

326 3456 355 3523 (1.
366 3456 383 3510 l.
393 3475 419 3525 p.
429 3459 490 3526 279)
510 3466 538 3513 ot
557 3461 730 3517 Iohannes
748 3465 930 3518 Gustavus
948 3462 1154 3533 Droysenius
1173 3459 1321 3527 (Aristoph.
1339 3460 1486 3513 iihersetzt.

327 3540 483 3614 Dipsas)
503 3545 784 3616 [Schoenbornio
803 3558 919 3604 testante
938 3560 965 3603 et
982 3550 1149 3616 Secgerus
1168 3547 1205 3613 lin
1219 3546 1414 3598 transversione
1424 3547 1485 3610 sua)

327 3634 355 3680 et
374 3629 528 3685 Meierus
548 3637 700 3696 (comment.
715 3636 734 3699 l,
746 3654 771 3704 p.
785 3638 835 3705 12),
863 3654 975 3706 quorum
994 3638 1020 3688 in
1029 3635 1112 3688 libros
1120 3632 1255 3699 inspicere
1273 3648 1325 3683 non
1343 3630 1486 3699 poteram],

327 3715 372 3779 qui
395 3718 534 3772 nobiscum
558 3721 585 3772 in
608 3721 723 3788 quarti
745 3722 964 3777 scholiastae
991 3721 1080 3774 verbis
1106 3718 1205 3787 (Diibn.
1222 3717 1280 3778 297,
1295 3716 1328 3769 34
1350 3719 1418 3783 sqq.)
1443 3718 1486 3769 ni·

326 3809 417 3855 tuntur
434 3802 522 3857 hisce:
547 3809 574 3856 ἐν
591 3808 712 3876 προεδρίᾳ
730 3810 872 3875 κιίθηταιὸ
892 3812 937 3862 τοῦ
957 3811 1015 3867 Διὸς
1034 3806 1118 3875 ἱερεύς.
1154 3803 1487 3872 dtt⁰e⁰5⁰⁴1itwfbssffis
1534 3861 1540 3868 ,
1604 3789 1605 3850 i

325 3886 376 3937 ἀπὸ
395 3889 440 3938 τοῦ
457 3891 551 3954 λογείου
569 3894 711 3960 περιελθών
734 3897 773 3944 καί
793 3899 912 3966 κρυφθείς
930 3899 1040 3947 ὄπισθεν
1059 3894 1106 3944 τοῦ
1124 3894 1208 3959 ἱερέως
1224 3889 1299 3940 τοῦτο
1317 3890 1390 3952 λέγει.
1425 3896 1485 3948 φαί-

327 3995 412 4024 νονται
435 3977 462 4026 δέ
486 3979 528 4027 or’oe
551 3970 615 4028 εἶναι
636 3981 737 4031 &nitori
754 3982 857 4045 λογείου,
884 3983 938 4033 ἀλλ’
958 3984 1001 4032 ἐπὶ
1020 3980 1066 4045 τῆς
1083 3980 1234 4050 ὀρχήστρας,
1254 3979 1280 4026 ἓν
1299 3965 1316 4048 ᾗ
1334 3975 1346 4023 ὅ
1365 3975 1487 4034 Ᾱιόνῑίθθς

326 4062 400 4127 ἐνέβη
418 4064 457 4110 καί
476 4062 487 4111 ὁ
506 4064 584 4122 πλοῦς
607 4067 761 4127 decretave,
783 4067 846 4118 doce
871 4075 958 4135 μηκέτι
980 4068 1068 4129 ὁμοίως
1091 4068 1163 4130 λόγον
1187 4056 1266 4123 εἶναι,
1293 4062 1359 4112 α’λλά
1381 4062 1432 4128 μήν
1455 4064 1486 4112 or'r

327 4146 369 4196 deci
392 4149 487 4207 παντὸς
510 4151 605 4200 daconis
628 4152 667 4201 dei
686 4156 806 4216 γυνίοθαι
828 4156 913 4204 αι’τόν.
952 4154 1025 4206 Haec
1051 4162 1189 4220 postrema
1210 4148 1301 4210 verba,
1324 4146 1423 4213 quibus
1443 4163 1487 4201 01*-
1523 4157 1527 4170 ¹
1604 4147 1605 4166 ¹

326 4232 459 4306 chestram
475 4234 569 4288 lacum
602 4236 778 4291 Acherusium
805 4238 915 4292 finxisse
938 4239 1144 4306 comprobatur,
1177 4235 1249 4303 quod
1274 4238 1302 4287 et
1325 4232 1487 4287 Gemellio

326 4317 355 4387 (l.
378 4318 446 4457 ldp.
463 4319 523 4389 274)
557 4320 666 4389 placuit,
701 4323 774 4378 haud
800 4323 881 4378 dubie
906 4325 976 4378 falsa
1002 4339 1061 4377 esse
1085 4321 1342 4377 Schoenboruio
1369 4318 1488 4371 libenter

326 4418 407 4457 conce
428 4420 451 4458 o.
