3225 5200
201 659 342 743 Omnium
387 660 562 723 dramatum
608 657 688 737 quod
728 656 868 721 ultimum
908 673 1026 719 mecum
1062 658 1276 736 perscruteris

115 759 402 823 Acharnenses
438 758 487 822 vel
521 759 653 820 maxima
690 776 727 821 ex
761 762 853 836 parte
884 757 917 819 in
947 755 1106 820 orchestra
1134 764 1276 838 peractos

114 850 217 920 fuisse
247 876 327 921 nuno
353 858 410 921 tibi
439 857 576 937 probem.
620 856 708 919 Prior
731 855 857 919 fabulae
877 872 951 935 pars
973 874 1071 937 usque
1093 856 1130 919 ad
1154 875 1275 921 versum

117 957 182 1021 203
212 959 241 1019 in
272 956 372 1038 Pnyce
390 948 530 1019 ¹Athenis
558 960 628 1019 acta
657 961 715 1036 est,
749 973 812 1037 qua
841 955 879 1017 de
911 972 945 1017 re
976 973 1080 1019 ornnes
1109 956 1164 1018 viri
1194 957 1275 1020 docti

14 1072 16 1091 ³
117 1057 327 1120 consentiunt.
369 1056 448 1119 Hinc
469 1054 607 1138 estquod
623 1054 854 1118 Schoenboruio
876 1054 916 1133 (p.
928 1052 1001 1133 307)
1024 1054 1157 1134 Pnycem
1180 1075 1277 1137 prope
1311 1106 1314 1111 .

118 1157 280 1220 sinistram
307 1174 435 1219 scaenae
465 1156 575 1218 frontis
596 1160 718 1234 portam
741 1153 894 1233 depictam
917 1170 986 1217 esse
1008 1153 1134 1233 placuit,
1157 1157 1277 1220 mediae

76 1290 82 1298 ·
118 1260 231 1337 portae
253 1255 351 1319 locum
375 1254 542 1318 obtinuisse
562 1252 799 1333 Dicaeopolidis
820 1253 947 1316 dextrae
970 1253 1113 1316 Lamachi
1145 1255 1276 1335 domum,

119 1356 258 1439 denique
289 1372 384 1435 prope
410 1355 550 1418 dextram
583 1353 754 1434 periactum
784 1352 941 1432 Euripidis
969 1353 1062 1416 aedes
1092 1370 1160 1416 cum
1187 1363 1277 1434 parte

120 1455 313 1519 Athenarum
336 1454 421 1518 urbis
449 1454 644 1533 conspexisse
667 1457 875 1533 spectatores3
903 1458 997 1534 atque
1029 1452 1108 1518 hanc
1135 1472 1278 1519 scaenam

121 1573 244 1634 semper
272 1555 401 1618 eandem
429 1571 484 1633 per
512 1559 609 1616 totam
638 1551 774 1616 fabulam
796 1552 983 1617 remansisse
1003 1554 1049 1615 vir
1072 1553 1180 1619 doctus
1199 1557 1278 1621 exis·

123 1654 254 1717 timavit.
296 1653 355 1718 Sed
389 1654 523 1734 primum
553 1652 677 1731 quidem
708 1651 798 1715 valde
821 1652 976 1715 erravisse
1005 1651 1278 1732 Schoenhornium‚

121 1772 191 1818 cum
220 1752 465 1833 Dicaeopolidem
496 1754 609 1815 rustica
639 1751 787 1832 Dionysia
813 1769 875 1815 non
906 1751 937 1814 in
963 1768 1045 1832 pago
1071 1771 1138 1831 suo,
1172 1755 1276 1818 sedin

121 1855 191 1934 ipsa
212 1853 289 1917 urbe
310 1852 466 1916 celebrare
477 1851 611 1915 voluisse
628 1856 794 1927 statueret
812 1852 928 1931 optime
944 1851 1100 1933 Hauptius
1123 1854 1276 1936 (opuscul.

121 1955 164 2032 ΙΙ,
176 1954 247 2033 Ι400)
270 1952 502 2029 demonstravit,
524 1953 569 2014 ita
589 1958 624 2014 ut
636 1968 780 2014 scaenam
792 1951 925 2031 primum
938 1952 1058 2032 quidem
1074 1959 1276 2032 postversum

121 2054 184 2117 203
205 2055 235 2117 in
260 2051 417 2132 praedium
440 2051 664 2131 Dicaeopolidis
682 2049 831 2113 Acharuis
858 2051 950 2113 situm
967 2059 1185 2116 commutatam
1209 2072 1277 2118 esse

122 2152 275 2216 suadente
296 2151 470 2231 Droysenio
491 2149 523 2231 (l.
548 2150 567 2213 l.
589 2169 618 2231 p.
631 2150 683 2231 30)
706 2150 804 2230 primo
823 2148 935 2214 obtutu
952 2168 1049 2230 paene
1072 2155 1277 2218 necessarium
1379 2146 1382 2153 '

120 2252 245 2314 dixeris.
289 2251 365 2314 Tum
385 2268 457 2312 vero
478 2249 618 2332 equidem
643 2267 765 2313 causam
791 2267 851 2312 non
867 2250 965 2329 video,
985 2268 1081 2330 quare
1102 2270 1156 2331 per
1179 2258 1277 2317 totam

119 2350 255 2416 fabulam
288 2348 444 2429 Euripidis
474 2349 598 2412 domum
627 2351 657 2412 in
686 2367 798 2413 scaena
828 2349 954 2413 stetisse
984 2351 1179 2432 accipiamus
1207 2372 1276 2417 cum

119 2455 243 2512 tantum
273 2467 328 2528 per
361 2449 518 2527 octoginta
546 2465 599 2512 sex
627 2466 733 2512 versus
764 2449 823 2531 (vv.
852 2450 1000 2528 aaa-478)
1021 2450 1104 2514 hunc
1125 2452 1155 2513 in
1178 2451 1275 2516 locum

119 2549 204 2613 actio
226 2548 434 2613 transferatur
455 2554 549 2630 atque
570 2546 675 2612 fabula
695 2547 881 2628 procedente
903 2565 942 2613 ne
956 2566 1018 2612 uno
1039 2550 1161 2630 quidem
1184 2553 1276 2617 verbo

119 2650 213 2713 huius
235 2647 364 2712 aedilicii
386 2650 500 2712 tuentio
522 2648 587 2711 fiat.
630 2648 799 2712 Praeterea
827 2649 929 2712 omnia
951 2666 970 2711 a
993 2668 1083 2714 versu
1101 2653 1159 2716 719
1180 2671 1277 2734 usque

118 2748 160 2812 ad
183 2750 274 2813 finem
294 2748 418 2812 fabulae
439 2753 512 2811 ante
540 2748 648 2811 domus
676 2747 904 2829 Dicaeopolidis
926 2754 958 2812 et
980 2749 1125 2813 Lamachi
1148 2751 1277 2817 Athenis

118 2850 188 2915 fieri
208 2867 311 2913 omnes
334 2855 486 2932 quantum
511 2849 573 2912 scio
597 2849 653 2911 viri
676 2847 758 2912 docti
782 2867 839 2928 pro
858 2855 942 2912 certo
962 2848 1127 2931 affirmant,
1149 2861 1276 2934 excepto

119 2970 180 3015 uno
200 2952 381 3031 Droysenio,
403 2950 454 3030 qui
476 2950 661 3030 nequiquam
683 2949 886 3029 comprobare
904 2949 1054 3014 studebat
1075 2954 1117 3031 tp.
1130 2952 1169 3015 32
1193 2960 1277 3034 sqq.)
1376 3031 1378 3034 Ι

118 3069 250 3114 avcrsu
270 3055 328 3114 203
358 3055 455 3113 totam
482 3048 618 3113 fabulam
653 3046 806 3111 Acharuis
837 3053 910 3126 ante
933 3048 1160 3129 Dicaeopolidis
1189 3071 1278 3132 prae·

119 3150 205 3213 dium
234 3158 335 3213 actam
363 3148 468 3227 tuisse,
494 3148 581 3212 iuxta
602 3147 682 3228 quod
705 3148 736 3210 in
759 3147 866 3211 eadem
884 3165 996 3212 scaena
1017 3149 1165 3214 Lamachi
1182 3151 1277 3216 Athe-

118 3250 168 3313 nis
196 3250 319 3313 domum
350 3247 532 3312 collocatam
561 3246 654 3310 fuisse
684 3246 772 3311 nimis
803 3247 952 3311 audacter
976 3250 1161 3313 contendere
1183 3268 1277 3316 ausus

119 3356 178 3413 est.
222 3347 355 3411 Tantam
378 3346 533 3410 licentiam
557 3364 594 3409 ne
616 3345 1043 3426 Aristophaniconoedamus‚
1066 3347 1277 3429 praeferamus

14 3495 15 3528 .
118 3449 223 3529 potins
245 3447 375 3527 Hauptii
396 3445 594 3526 Niejahrique
616 3449 660 3525 (p.
676 3444 728 3523 30)
751 3446 951 3527 sententiam,
974 3464 1054 3527 quae
1076 3447 1136 3511 luit
1158 3466 1279 3530 semper

14 3543 15 3616 Ξ
120 3546 248 3609 eandem
279 3546 463 3610 remansisse
493 3562 636 3609 scaenam
666 3550 762 3625 atque
793 3545 958 3609 benevolos
983 3553 1176 3628 spectatores
1199 3547 1278 3613 hanc

14 3643 15 3658 ¹
119 3664 263 3710 scaenam
283 3645 417 3725 primum
435 3645 558 3725 quidem
580 3664 637 3726 pro
659 3645 748 3710 domo
761 3645 987 3726 Dicaeopolidis
1006 3645 1145 3720 Athenis
1167 3648 1277 3712 deinde

118 3764 176 3826 pro
191 3744 318 3824 praedio
334 3745 399 3808 eius
412 3744 563 3809 Acharuis
582 3746 651 3823 sito,
674 3752 739 3808 tum
756 3744 888 3826 denique
904 3764 1010 3810 rursus
1023 3765 1079 3827 pro
1093 3747 1158 3812 loco
1176 3748 1277 3828 priore

14 3843 16 3866 ¹
119 3845 275 3925 accepisse
299 3843 424 3908 iubente
451 3853 552 3925 poeta.
596 3846 638 3908 At
665 3844 719 3908 tali
749 3846 957 3910 ratiocinandi
980 3846 1070 3911 modo
1092 3847 1177 3927 ipsae
1199 3846 1278 3911 diffi-

120 3944 254 4008 cultates
282 3962 343 4007 non
376 3944 545 4008 diluuntur.
589 3945 758 4008 Videamus
787 3946 901 4027 potius,
925 3965 1003 4027 quae
1024 3966 1061 4011 ex
1084 3949 1152 4030 ipsa
1174 3947 1277 4012 fabula

121 4044 158 4107 de
184 4062 218 4107 re
243 4044 383 4109 scaenica
411 4043 592 4107 concludere
620 4044 783 4123 possimus.
826 4046 871 4108 Ac
899 4048 1030 4126 primum
1061 4048 1182 4128 quidem
1206 4066 1276 4112 con-

121 4145 235 4207 tionem
256 4144 289 4206 in
319 4144 421 4223 Pnyce
449 4142 587 4206 habitam
611 4140 686 4222 fingi
715 4144 865 4223 videmus
894 4163 985 4225 quem
1014 4148 1044 4210 in
1071 4147 1168 4212 locuni
1192 4167 1221 4211 v.
1237 4154 1277 4212 40

120 4242 305 4325 prytanibus
332 4241 462 4307 ducibus
491 4259 552 4305 non
581 4260 678 4322 parva
700 4242 857 4308 hominum
880 4245 972 4309 turba
993 4263 1025 4309 se
1048 4246 1174 4311 confert.
1216 4248 1297 4332 Per,

121 4360 154 4407 sc
190 4348 321 4424 apparet
356 4339 591 4406 Atheniensium
628 4343 802 4407 contionem
837 4360 898 4407 non
926 4363 982 4425 per
1011 4363 1127 4427 paucos
1154 4353 1276 4412 tanturn
