3225 5200
857 501 897 563 5⁶2

296 678 399 743 fabula
435 677 654 743 concludamus
698 696 821 743 necesse
853 685 910 744 est.
952 681 1008 745 Ille
1045 682 1125 745 enirn
1162 682 1291 762 primurn
1327 682 1459 763 quidem

297 796 325 841 v.
338 777 415 843 1329
437 794 505 858 sqq.
528 777 656 842 chorum
687 777 888 861 adhortatur,
909 785 946 843 ut
965 799 982 844 e
1005 781 1055 844 via
1077 781 1224 859 discedat,
1247 788 1311 845 tum
1331 781 1461 862 logeum

297 880 467 944 ascendens
490 880 648 944 tibicinam
670 878 825 959 appellat:

419 980 578 1062 α’νοέβαινε
601 980 695 1060 δεῦρο
714 978 1034 1062 χρυσομηλολόνθιον

417 1083 458 1163 τῇ
473 1079 554 1161 χειρὶ
576 1080 668 1142 τουδὶ
685 1079 847 1161 λαβομένη
866 1083 925 1142 τοῦ
946 1084 1086 1159 σχοινίου

420 1181 503 1259 ἔχου·
547 1178 711 1261 φυλάττον
732 1179 761 1240 δ’
785 1178 826 1252 οἷς
846 1181 976 1263 σαπρὸν
996 1180 1034 1242 ad
1056 1184 1198 1260 σχοίνιον

420 1276 505 1360 ὅμως
522 1302 556 1359 γε
577 1287 687 1358 μέντοι
707 1277 898 1361 τριβόμενον
917 1279 974 1342 οὐκ
994 1276 1137 1359 ἄχθεται
1158 1290 1201 1358 tv,
1215 1281 1295 1344 1342
1303 1277 1382 1361 sqq.)
1390 1281 1413 1344 'l

301 1380 392 1445 Unde
414 1380 563 1460 sequitur,
584 1384 621 1443 ut
642 1386 674 1443 et
694 1379 849 1444 Xanthias
873 1381 914 1463 (v.
937 1382 1028 1461 1292)
1050 1386 1082 1444 et
1103 1379 1284 1460 Bdelyclcon
1306 1378 1461 1460 (ι.1332)

297 1481 404 1544 eadem
425 1481 482 1543 via⁴
496 1479 721 1561 ingrediantur.

379 1585 520 1650 Secunda
551 1585 641 1650 nohis
670 1586 796 1649 fortuna
825 1586 898 1649 talis
927 1574 1057 1650 scaenae
1087 1587 1280 1651 simulacrum
1303 1587 1460 1667 quaedam

298 1685 380 1750 vasis
410 1685 563 1766 picturae)
601 1686 763 1749 memoriae
800 1685 943 1767 tradidit4
981 1687 1011 1749 in
1047 1703 1108 1767 qua
1142 1686 1281 1767 depictas
1317 1687 1459 1752 videmus

298 1785 398 1850 scalas
420 1791 568 1867 quattuor
590 1785 706 1866 gradus
734 1785 911 1850 exhibentes
933 1786 1021 1865 logeo
1043 1787 1203 1866 appositas
1223 1792 1255 1849 et
1277 1787 1306 1849 in
1330 1787 1366 1850 iis
1387 1806 1460 1850 ver·

298 1890 402 1949 santes
424 1884 590 1949 histriones
612 1892 696 1967 tres,
727 1903 858 1966 quorum
878 1886 938 1950 duo
960 1886 1087 1949 tertium
1111 1889 1159 1951 cui
1181 1905 1291 1951 nomen
1314 1887 1460 1953 Chironis

298 1985 488 2066 adscriptum
513 1989 562 2063 est
584 1984 614 2048 in
636 1984 757 2064 logeum
779 1984 910 2049 trahunt
932 1985 981 2049 vel
997 1991 1188 2066 promovent.

381 2091 441 2158 Sed
473 2097 509 2155 ut
537 2092 576 2156 ad
605 2091 696 2156 tinem
727 2092 864 2173 opusculi
891 2095 1182 2176 appropinquemus,
1204 2110 1284 2156 nunc
1303 2091 1460 2176 quasdam

297 2192 522 2256 comoediarum
552 2210 680 2256 scaenas
706 2191 820 2256 afferre
857 2192 948 2257 liceat
985 2192 1094 2273 quibus
1132 2192 1299 2255 histriones
1339 2190 1460 2255 diutius

298 2291 389 2355 solito
412 2292 443 2355 in
473 2291 631 2355 orchestra
660 2298 766 2372 partes
794 2298 957 2374 peragunt,
986 2292 1082 2355 veluti
1103 2291 1227 2355 ineunte
1248 2291 1388 2354 Avium
1408 2289 1462 2353 fa-

299 2391 379 2455 bula.
421 2390 659 2456 Peisthetairum
689 2397 720 2455 et
749 2391 927 2473 Euelpidem
958 2393 1084 2472 longum
1117 2409 1172 2472 per
1202 2396 1322 2472 tempus
1348 2389 1461 2454 ambu-

298 2490 399 2554 lantes
427 2492 567 2555 videmus
589 2496 625 2555 ut
645 2491 686 2555 ad
715 2510 837 2572 upupae
864 2492 980 2569 nidum,
1009 2492 1059 2572 qui
1083 2491 1113 2554 in
1135 2509 1247 2554 scaena
1269 2488 1461 2569 fingebatur,

299 2591 499 2671 perveniant3
536 2610 612 2673 quos
648 2597 721 2655 ante
751 2611 870 2656 versum
887 2591 928 2655 50
961 2591 991 2655 in
1026 2590 1114 2669 lugeo
1141 2595 1280 2655 versatos
1309 2608 1376 2654 esse
1405 2589 1461 2653 vix

300 2693 399 2755 statui
429 2693 571 2772 possit³h
615 2691 724 2773 Neque
753 2693 832 2756 enirn
871 2692 998 2772 longum
1027 2693 1087 2755 iter
1114 2690 1263 2755 facientes
1293 2690 1461 2770 omniaque

302 2797 537 2871 perscrutantes
565 2792 674 2855 melius
704 2789 909 2871 fingebantur,
942 2810 1033 2873 quam
1062 2793 1089 2856 si
1118 2790 1251 2873 amplum
1279 2783 1463 2855 orchestrae

302 2892 436 2970 spatium
457 2896 652 2972 permeantes
674 2891 892 2956 cernebantur.
1042 2889 1044 2894 '

373 3037 398 3106 1)
424 3037 504 3091 valdo
528 3037 618 3101 miror,
641 3039 713 3104 quod
739 3038 954 3108 Droysenius
979 3039 1006 3105 (l.
1032 3039 1049 3091 l.
1069 3056 1094 3106 p.
1110 3038 1155 3106 48)
1182 3036 1383 3091 Philocleonem
1408 3052 1463 3103 per

302 3139 417 3177 scaenae
441 3126 557 3192 portam,
582 3122 724 3177 tibicinam
744 3142 792 3193 per
810 3126 977 3179 orchestram
995 3125 1119 3186 inducat,
1146 3142 1206 3177 curn
1226 3141 1267 3175 vv.
1287 3126 1352 3176 1345
1370 3141 1408 3189 sq.
1428 3126 1464 3177 et

303 3208 369 3263 1368
387 3226 425 3276 sq.
443 3209 588 3279 postulant
605 3226 650 3262 eos
668 3209 834 3263 coniunctim
853 3210 883 3263 in
901 3213 1075 3279 conspectum
1094 3209 1205 3264 venisse.

371 3295 398 3364 2)
418 3312 501 3363 quam
526 3295 648 3348 invenies
668 3294 697 3347 in
722 3296 888 3350 Baumstr.
915 3314 1023 3349 monum
1049 3295 1082 3356 ΙΙ,
1104 3296 1199 3364 pauo,
1218 3292 1404 3365 Geppertii
1422 3294 1463 3349 de

303 3381 619 3449 antiquaGraec.scaen
638 3381 700 3434 libri
710 3382 798 3436 tabul.
807 3384 840 3446 V,
859 3383 1031 3437 Panoflrae
1049 3382 1188 3434 l.l.tabul.
1202 3380 1258 3444 Vll,
1278 3380 1464 3434 Wieseleri

303 3485 423 3521 monum.
448 3484 537 3521 scaen.
560 3468 646 3521 tabul.
659 3469 706 3532 IX,
718 3469 759 3531 13,
786 3469 834 3537 qui
858 3470 1040 3523 contendebat
1064 3468 1092 3536 (i.
1117 3468 1134 3521 1.
1159 3488 1184 3537 p.
1196 3469 1239 3533 61)
1257 3468 1307 3520 hoc
1325 3465 1384 3519 loco
1402 3483 1463 3520 non

303 3553 390 3607 scalas
414 3569 447 3606 ex
471 3555 608 3607 orchestra
632 3553 660 3606 in
684 3553 794 3624 logeur'n
820 3574 960 3610 ascensum
981 3555 1150 3623 praebentes,
1175 3555 1221 3606 sed
1240 3553 1334 3620 quales
1351 3552 1380 3605 in
1397 3553 1464 3620 ipso

305 3640 384 3708 logeo
415 3638 591 3693 adhibuerint
619 3639 774 3707 histriones,
806 3643 930 3712 depictas
958 3660 1027 3707 esse;
1057 3658 1127 3709 qnae
1153 3640 1262 3709 quidem
1288 3639 1465 3708 argumentis

304 3726 371 3779 satis
401 3727 576 3794 comprobare
607 3727 665 3797 ipse
698 3729 796 3783 omisit.
835 3732 924 3797 Atque
955 3729 1042 3797 priruo
1072 3728 1172 3782 obtutu
1198 3744 1294 3795 parum
1318 3725 1465 3795 probabile

304 3811 403 3865 dixeris
422 3812 507 3865 scalas
531 3817 589 3866 tam
615 3812 709 3866 crassis
734 3814 832 3884 ligneis
852 3814 975 3869 trabibus
994 3817 1145 3868 exstructas
1172 3813 1266 3880 quales
1285 3816 1393 3866 nostrae
1412 3829 1464 3865 ex-

305 3896 402 3951 hibent
427 3899 456 3950 in
477 3898 537 3967 ipso
560 3901 640 3969 logeo
665 3902 698 3955 ad
724 3901 821 3955 domus
845 3920 915 3970 quae
943 3901 973 3955 in
990 3918 1088 3955 scaena
1114 3902 1227 3955 stabant
1244 3900 1382 3969 appositas
1400 3916 1465 3955 esse

305 3984 387 4054 (tales
407 3986 527 4039 invenies
544 3986 572 4040 in
595 3989 736 4043 Wiesel.
756 3990 774 4042 l.
794 3990 811 4045 l.
831 3991 917 4044 tahul.
933 3990 979 4052 IX,
995 3993 1022 4042 ll
1042 3993 1071 4043 et
1091 3990 1143 4058 12).

374 4071 400 4140 3)
419 4071 560 4126 nobiscum
584 4075 722 4129 consentit
748 4076 964 4145 Droysenius
991 4075 1086 4145 (pbd)
1110 4075 1157 4143 qui
1179 4094 1202 4128 v.
1221 4074 1253 4128 52
1278 4090 1323 4127 eos
1349 4073 1465 4141 logeum

306 4159 481 4212 ascendentes
509 4161 582 4215 tacit.
618 4161 906 4218 Schoenbornius
925 4167 962 4234 (p.
978 4164 1027 4217 318
1055 4165 1107 4231 sq.)
1132 4162 1190 4215 sine
1213 4178 1294 4214 causa
1320 4160 1464 4227 quandam

306 4241 417 4297 fabulae
436 4247 541 4314 partem
562 4246 590 4301 in
609 4249 666 4303 alto
684 4254 773 4304 actam
793 4251 876 4304 fuisse
894 4257 979 4320 atque
996 4252 1060 4305 illos
1078 4268 1157 4319 rupes
1176 4250 1205 4301 in
1222 4266 1320 4303 scaena
1337 4245 1467 4315 depictas

307 4329 459 4383 ascendisse
476 4333 582 4386 statuit.
617 4398 620 4403 ,
