3225 5200
890 454 927 516 16

328 627 362 704 ὃς
390 630 535 695 καλεῖται
560 629 688 714 dumeta
713 630 805 713 παροέ
834 630 872 694 τὸ
900 628 1006 694 θύειν.
1049 629 1133 711 μετά
1158 629 1196 694 δὲ
1214 629 1274 718 τήν
1296 629 1444 712 θυμέλην
1465 627 1485 712 1)

327 729 496 813 κόνιστρα,
514 728 663 794 cudredus
683 731 721 792 ud
742 730 830 793 κάτω
852 730 973 814 ἔδαφος
993 732 1052 792 τοῦ
1070 730 1215 812 θεάτρου
1225 733 1256 809 1).
1450 814 1452 819 Α

410 831 453 894 hc
475 830 576 910 primo
596 835 728 909 apparet
752 828 864 895 obtutu
880 829 1091 895 Hermannum
1113 830 1192 893 satis
1213 828 1333 892 infirmo
1352 828 1397 892 uti
1421 833 1484 891 tes·

327 928 475 1007 timonio,
506 945 573 997 cum
603 925 656 989 illo
677 925 790 1006 verba,
821 932 971 1008 quantum
1006 926 1146 1008 equidem
1170 926 1276 1006 video,
1305 925 1343 989 de
1365 925 1483 1006 pulpito

328 1024 462 1105 quodam
490 1023 592 1105 amplo
618 1029 714 1107 atque
744 1023 807 1089 alto
830 1024 905 1089 nihil
927 1024 1097 1107 proferant.
1140 1025 1236 1089 Immo
1261 1042 1333 1088 vero
1360 1024 1410 1088 ille
1431 1022 1484 1087 τό·

327 1145 388 1197 πος
416 1122 434 1185 ὁ
463 1123 497 1185 ἐκ
527 1123 671 1186 σανίδων
700 1123 782 1202 ἔχων
810 1123 848 1185 td
877 1122 998 1205 ἔδαφος
1026 1123 1064 1185 ad
1095 1123 1191 1187 solum
1218 1123 1353 1204 quadrat
1373 1123 1483 1202 ligneis

327 1220 448 1284 assibus
469 1219 652 1301 coniectum,
673 1221 764 1301 quale
785 1221 887 1302 ipsum
909 1221 1031 1297 logeum
1051 1220 1200 1285 exhibuit.
1243 1225 1346 1302 Atque
1370 1222 1483 1298 omnia,

327 1336 407 1398 quae
429 1317 519 1381 aliter
541 1318 675 1384 obscura
697 1324 902 1398 remanerent,
928 1318 1063 1383 dilucida
1084 1317 1173 1401 fiunt,
1194 1337 1263 1383 cum
1275 1319 1482 1398 Wieselero²l

327 1421 452 1480 auctore
475 1413 639 1496 hocloco,
667 1422 701 1480 ut
723 1417 846 1497 saepius
867 1417 1074 1495 inveniturh,
1102 1418 1293 1484 orchestram
1317 1435 1374 1498 pro
1396 1416 1483 1497 logeo

326 1513 472 1594 usurpari
501 1514 682 1595 accipimuS,
712 1514 793 1595 quod
815 1513 917 1578 verbis
938 1514 996 1596 εἶφ’
1019 1503 1061 1578 οὖ
1082 1519 1308 1598 θεατρίζονσιν
1337 1515 1367 1578 οἱ
1390 1519 1484 1598 pedam

326 1613 403 1675 satis
423 1611 572 1675 firmatur.
729 1682 731 1686 Α

408 1704 561 1774 Graviora
596 1714 736 1772 veterum
769 1709 946 1772 testimonia
969 1708 1188 1790 Wieselerus⁴)
1216 1709 1327 1791 affert,
1363 1718 1399 1774 ut
1428 1711 1482 1775 de·

327 1813 481 1872 monstret
499 1808 653 1889 pulpitum
669 1808 699 1870 in
717 1806 875 1870 orchestra
894 1825 1037 1888 magnum
1055 1808 1259 1889 amplumque,
1271 1826 1338 1890 *quo
1357 1815 1482 1889 praeter

327 1910 450 1973 chorum
483 1909 625 1985 tibicines
657 1913 689 1971 et
718 1906 888 1971 rhabduchi
919 1909 970 1989 qui
1003 1915 1153 1972 vocantur
1184 1908 1283 1972 locum
1318 1909 1482 1982 tenuerint,

326 2008 476 2090 θυμέλην
505 2007 590 2071 iliam
621 2006 732 2086 fuisse,
764 2025 856 2088 quam
888 2007 919 2070 in
950 2007 1107 2071 orchestra
1136 2008 1269 2088 positam
1301 2008 1394 2073 fuisse
1423 2025 1482 2071 non

325 2108 417 2188 pauci
449 2113 568 2171 veteres
598 2107 765 2187 scriptores
796 2106 934 2170 tradunt.
984 2107 1045 2171 Sed
1072 2107 1204 2187 primum
1232 2107 1353 2188 quidem
1382 2108 1482 2188 ipsum

327 2244 520 2257 ,.,.-.-.-..

395 2307 419 2371 l)
431 2303 766 2358 GodofredusHerm
776 2321 890 2357 annus
900 2303 1355 2373 (1111111111.111111111111111842
1365 2298 1482 2371 111114),

327 2409 409 2460 quem
428 2389 759 2446 Sommerbrodtius
783 2393 883 2455 (scaen.
901 2411 928 2461 p.
948 2393 1040 2459 tesqa
1065 2397 1173 2446 secutus
1196 2395 1251 2456 est,
1275 2391 1356 2445 hasce
1375 2391 1484 2459 Mlym.

326 2497 434 2549 magn.
460 2477 586 2532 lectionis
610 2477 814 2535 emendationes
837 2478 993 2547 proposuit:
1023 2480 1100 2547 σκηνή
1118 2483 1186 2530 ἐστιν
1206 2477 1222 2546 ἡ
1239 2486 1303 2547 μέση
1327 2479 1417 2549 χώρα
1439 2477 1485 2528 coi

327 2568 446 2637 θεάτρου,
483 2564 642 2636 παρασκήνια
661 2565 687 2616 δὲ
706 2565 739 2617 aa*
758 2567 835 2617 dudan
853 2567 894 2617 καὶ
914 2568 990 2617 ἔνθεν
1015 2566 1060 2634 τῆς
1081 2572 1158 2635 μέσης
1174 2567 1280 2638 χώρας
1305 2567 1433 2633 accinctio.
1464 2565 1487 2635 ’ἢ

325 2655 366 2705 ἵνα
385 2655 623 2724 οαφέοτεροηῖπω,
642 2654 718 2721 unque}
729 2651 745 2722 ἦ
758 2654 823 2713 arrd
841 2654 888 2721 τήν
908 2655 1020 2719 onsurae
1037 2655 1164 2713 aetertum
1184 2656 1217 2705 ια’
1235 2657 1402 2725 exuperantium.
1429 2646 1485 2705 εἶτα

306 2741 341 2809 ‘vj
364 2742 494 2811 ὀρχήστρα
516 2761 536 2793 a.
560 2760 583 2793 τ.
605 2739 627 2792 l.
663 2738 765 2793 Tamen
788 2738 1017 2796 scholiastae
1040 2741 1079 2793 ad
1099 2741 1316 2811 Gregorium
1335 2740 1485 2796 Nazian-

325 2845 444 2882 zenum
463 2828 545 2883 verba
563 2829 660 2898 (codic.
679 2826 796 2880 laurent.
818 2826 865 2881 fol.
886 2826 919 2878 60
938 2828 1031 2893 recto),
1049 2844 1120 2895 quae
1138 2827 1259 2882 invenies
1279 2828 1307 2880 in
1325 2828 1417 2881 Herm.
1437 2829 1484 2893 VI,

325 2932 352 2982 p.
369 2914 460 2979 490191
481 2914 557 2969 etin
576 2915 643 2969 Mus.
661 2913 747 2967 Rhen.
765 2913 806 2977 38,
826 2929 852 2980 p.
868 2912 975 2980 257sq,
995 2914 1088 2967 eadem
1107 2914 1162 2968 fere
1180 2914 1321 2985 praebent,
1341 2913 1393 2967 nisi
1412 2914 1485 2981 quod

325 3004 386 3069 post
403 3000 486 3067 χαλκᾶ
503 3003 623 3067 κάγκελλα
641 3000 710 3054 haec
728 3000 873 3068 leguntur:
897 2990 931 3052 ὧν
950 3001 982 3051 ru*
1001 3003 1071 3059 ἔντος
1088 3001 1192 3068 καὶτῆς
1209 3003 1388 3072 μέσηςθύρας,
1407 3002 1426 3069 ἦ
1443 3002 1485 3051 ἵνα

325 3092 475 3158 σαφέστερον
498 3090 577 3152 εἴπω,
602 3087 688 3155 σκηνή·
722 3088 786 3148 arrd
810 3087 838 3138 (11
859 3088 905 3154 τήν
929 3088 1021 3155 σκηνήν
1039 3109 1059 3140 κ.
1078 3108 1101 3140 τ.
1120 3087 1155 3147 1.,
1180 3090 1211 3139 ut
1234 3087 1311 3140 illam
1337 3088 1483 3141 lectionem

324 3172 492 3227 retineamus
514 3172 697 3228 necessarium
716 3172 849 3227 videatur.
886 3173 1033 3227 Praeterea
1050 3172 1103 3226 iam
1124 3172 1344 3227 Wieselerus
1368 3173 1397 3226 in
1421 3173 1486 3227 libri

325 3259 367 3311 sui
393 3260 432 3312 de
458 3259 619 3328 thymele
644 3258 788 3329 compositi
815 3258 951 3328 (Gotting.
970 3260 1047 3327 1841)
1072 3276 1136 3328 pag.
1158 3258 1174 3311 3
1199 3257 1267 3313 satis
1291 3258 1485 3327 comprobavit,

326 3344 414 3399 verbis
445 3347 522 3414 σκηνή
551 3349 620 3415 ἔστα
649 3345 665 3415 ἦ
692 3352 755 3414 μέση
784 3347 855 3410 tripu
883 3344 953 3398 nihil
986 3344 1141 3399 offensionis
1169 3344 1264 3399 inesse.
1310 3344 1486 3399 Albertus

325 3431 525 3485 Muellerus
550 3431 616 3497 (1.1.
637 3449 663 3501 p.
684 3431 733 3485 132
755 3432 863 3501 111112)
882 3431 1033 3487 Hermanni
1057 3432 1090 3485 de
1116 3430 1225 3500 pulpito
1246 3430 1296 3484 illo
1320 3430 1486 3486 seutentiam

324 3516 438 3586 recepit.

392 3603 419 3670 2)
441 3602 558 3657 Ueber
579 3601 638 3656 die
658 3602 818 3672 thymele
840 3621 867 3673 p.
891 3604 990 3671 6sqq.,
1014 3620 1095 3671 quem
1118 3614 1226 3656 secutus
1249 3604 1290 3656 est
1311 3603 1489 3658 Ernestus

325 3687 559 3744 Petersenius
582 3688 684 3757 (Wien.
706 3690 822 3744 Studien
847 3692 861 3744 7
885 3691 975 3758 (1885)
998 3708 1024 3759 p.
1045 3691 1161 3757 17411).
1200 3688 1275 3753 Quae
1297 3692 1394 3744 contra
1412 3690 1489 3744 hunc

325 3775 484 3845 proferebat
504 3775 679 3830 Albertus
698 3777 896 3833 Muellerus
915 3776 1059 3848 (Philolog.
1080 3776 1160 3839 llLV,
1182 3794 1207 3845 p.
1226 3776 1354 3846 237sqq.)
1376 3794 1488 3847 persua-

329 3861 411 3916 dendi
429 3862 484 3915 vim
503 3878 559 3916 non
577 3862 688 3917 habent.

392 3950 420 4018 8)
440 3949 567 4019 exempla
600 3949 722 4004 invenies
753 3949 782 4003 iu
811 3948 956 4003 Alherti
986 3947 1155 4003 Muelleri
1186 3947 1287 4017 griech.
1319 3946 1488 4003 Bdhnenalt

261 4081 264 4086 .
327 4055 353 4107 p.
373 4037 406 4092 56
424 4036 486 4090 adn.
507 4039 530 4090 1.

393 4122 421 4189 4)
440 4122 476 4175 cf.
494 4122 597 4176 librum
614 4121 672 4177 eius
691 4138 772 4191 quem
793 4122 874 4175 modo
893 4121 1033 4176 nominavi
1056 4122 1096 4177 de
1119 4122 1275 4191 thymele
1298 4123 1487 4194 compositum.

324 4208 560 4264 Wieselerum
587 4210 638 4263 hae
662 4209 691 4262 in
717 4226 746 4263 re
771 4211 881 4279 praeter
904 4212 1007 4265 ceteros
1032 4209 1210 4265 Albertus
1234 4209 1433 4263 Muellerus
1458 4210 1487 4263 iu

324 4295 396 4350 libro
415 4312 463 4349 suo
483 4296 590 4367 saepius
608 4295 691 4350 citato
710 4295 754 4364 (oi.
772 4314 799 4365 p.
821 4295 867 4349 131
877 4300 948 4364 sqq.)
967 4298 1076 4351 secutus
1093 4300 1143 4350 eet.
