3225 5200
660 504 700 566 ⁰23

100 679 200 759 παροέ
217 678 396 754 Εὐπόλιδος
415 682 548 769 ἔρριψεν
564 680 664 744 αὐτὸ)
687 682 723 744 ἐν
742 682 784 764 τῇ
803 678 956 765 θαλάττῃ
981 681 1018 744 ἐν
1039 681 1168 765 Σικελίᾳ
1191 699 1270 747 συσ·

99 779 361 860 nomentanos,
383 778 495 844 sindo·

211 879 323 959 βάπτε
343 901 384 960 με
406 879 442 940 s'u
463 879 661 962 θνμέλῃσιν,
680 880 742 960 ἐγώ
763 881 803 942 δέ
824 898 861 943 σε
882 877 1006 959 κύμασι
1027 877 1152 940 πόντου

289 981 457 1058 βαπτίζων
477 978 582 1042 ὀλέσω
604 977 728 1059 νάμασι
751 978 963 1060 πικροτάτοις.

100 1074 165 1140 Sed
205 1076 253 1141 his
290 1077 363 1158 quid
405 1077 443 1141 de
486 1078 607 1159 pulpito
645 1077 728 1143 chori
764 1079 994 1143 demonstretur
1032 1075 1174 1157 equidem
1208 1094 1269 1139 non

100 1174 204 1240 video.
255 1175 326 1240 Veri
361 1177 490 1243 similius
519 1178 666 1241 nimirum
695 1178 819 1243 videtur
847 1176 1026 1258 Eupolidem
1057 1174 1211 1241 Alcibiadi
1237 1174 1269 1239 in

100 1291 221 1341 scaena
242 1294 299 1356 per
319 1276 487 1341 histriones
509 1277 661 1357 illusisse,
690 1294 783 1360 quam
805 1278 891 1358 quod
913 1294 982 1341 cum
1006 1273 1269 1341 Summerbrodtio

100 1374 135 1454 (l.
152 1374 174 1439 l.
191 1394 222 1455 p.
246 1378 299 1456 30)
320 1376 359 1440 de
380 1375 465 1442 chori
485 1377 591 1442 cornici
614 1376 757 1442 cantibus
775 1377 956 1456 cogitemus,
977 1375 1060 1443 unde
1075 1379 1269 1457 sequeretur,

98 1478 137 1538 ut
159 1473 221 1540 hoc
243 1492 365 1557 quoque
388 1476 455 1540 loco
480 1494 537 1556 pro
559 1476 719 1542 orchestra
742 1476 898 1557 thymelen
920 1475 1054 1556 positam
1074 1478 1268 1554 putaremus.

187 1575 320 1640 Restant
341 1575 462 1641 demum
484 1576 565 1656 apud
586 1575 786 1640 Wieselerum
808 1595 866 1657 pro
887 1573 1080 1654 argumentis
1103 1572 1201 1636 allata
1222 1572 1267 1637 in·
1319 1636 1322 1640 a

99 1674 234 1756 scriptio
256 1675 409 1758 quaedam
432 1675 593 1758 Aquileiae
616 1674 703 1739 urbis
715 1674 737 1757 ¹)
760 1678 857 1755 atque
871 1672 985 1750 Cyriili,
1007 1671 1089 1753 quod
1111 1675 1269 1735 nostrates

99 1780 220 1839 vocant
233 1775 360 1853 lexicon,
382 1773 592 1855 Gnidianique
610 1773 714 1853 verba,
737 1774 774 1838 de
795 1772 908 1857 quibus
930 1789 1024 1852 supra
1046 1770 1088 1852 (p.
1104 1770 1223 1836 liadn.
1238 1774 1270 1850 2)

102 1871 345 1953 disputavimus.

189 1971 295 2037 Pauca
317 1976 440 2036 tanturn
461 1972 557 2037 verba
580 1972 618 2038 de
639 1971 798 2036 nonnuliis
820 1988 963 2035 vasorum
986 1969 1132 2051 picturis,
1156 1968 1269 2052 quibus

101 2069 258 2151 thymeles
281 2071 447 2136 simulacra
469 2072 653 2149 traduntur,
675 2089 757 2135 nunc
779 2070 869 2135 nobis
890 2068 1001 2135 afferre
1023 2070 1129 2149 liceat,
1156 2074 1192 2132 ut
1213 2067 1269 2131 has

101 2187 232 2252 quoque
253 2170 415 2236 Wieseleri
444 2172 579 2251 opinioni
607 2171 731 2234 minime
760 2169 903 2234 auxiliari
924 2169 1087 2251 intellegas
1097 2169 1130 2249 ²).
1182 2167 1269 2244 Quae

98 2270 248 2349 picturae
266 2288 373 2334 omnes
395 2287 431 2333 eo
449 2271 648 2335 consentiunt
670 2271 751 2352 quod
771 2269 902 2335 humiles
921 2277 1091 2352 suggestus
1109 2266 1268 2350 praebent,

102 2368 134 2431 in
157 2368 277 2451 quibus
303 2369 437 2434 musicus
458 2369 583 2451 quidam
606 2369 672 2434 sive
703 2370 815 2434 tibicen
838 2369 903 2434 sive
931 2370 1093 2434 citharista
1113 2372 1267 2448 versatur,

98 2468 151 2548 qui
180 2467 304 2533 duabus
324 2468 356 2532 in
378 2468 508 2549 picturis
531 2469 614 2534 solus
641 2470 741 2535 locum
765 2469 896 2535 obtinet.
941 2470 1064 2549 Tertia,
1089 2485 1182 2552 quam
1204 2467 1267 2548 pri-

99 2584 185 2631 mam
207 2566 418 2633 describamus
436 2568 645 2653 picturaml),
668 2569 700 2634 in
721 2568 828 2634 humili
849 2572 1001 2650 suggestu
1022 2567 1141 2633 duobus
1163 2565 1267 2648 gradi·

98 2665 158 2732 bus
186 2667 355 2752 composito
385 2668 542 2733 tibicinem
564 2674 720 2734 monstrat
748 2675 780 2732 et
802 2669 934 2733 alteram
956 2668 1112 2751 quandam
1133 2665 1266 2747 figuram

99 2765 244 2847 requiete
267 2770 418 2848 stantem,
449 2786 581 2851 quorum
602 2774 735 2849 uterque
755 2772 921 2834 coronatus
943 2773 1001 2832 est.
1044 2770 1145 2846 Atque
1166 2768 1267 2829 Νῖκαι

99 2884 183 2946 qnae
204 2873 355 2931 vocantur
377 2866 474 2950 duae,
503 2885 565 2932 una
586 2868 626 2931 ab
649 2874 780 2950 utraque
799 2873 908 2949 parte,
931 2867 970 2931 ad
993 2865 1148 2948 thymelen
1170 2864 1265 2928 advo-

99 2964 181 3046 lant,
212 2983 344 3046 quarum
367 2967 468 3031 altera
490 2967 625 3031 taeniam
648 2985 740 3049 quam
757 2967 866 3033 Graeci
892 2966 1095 3032 nominabant
1117 2964 1266 3028 victoriae

99 3065 277 3144 praemium
313 3065 456 3130 manibus
499 3071 595 3131 teum.
656 3067 724 3145 Quo
765 3067 889 3149 pictura
926 3064 1156 3145 dithyrambum
1190 3062 1266 3144 fingi

100 3163 274 3228 Wiesclero
292 3164 444 3228 suadente
453 3165 479 3246 4)
501 3183 559 3229 nos
581 3184 706 3249 quoqne
727 3165 928 3244 arbitramur,
950 3170 986 3229 ut
1005 3163 1063 3228 bac
1084 3182 1121 3227 ex
1141 3164 1266 3244 pictura

174 3319 200 3387 1)
220 3319 314 3388 (torp.
333 3318 489 3390 inscript.
506 3322 618 3376 Graec.
635 3322 711 3387 6750,
729 3338 801 3390 quae
814 3313 1158 3388 uerbainveniessubp.2l
1171 3318 1232 3371 adn.
1243 3319 1265 3371 l.

172 3406 199 3474 2)
218 3405 332 3476 longum
355 3409 397 3461 est
420 3406 450 3460 in
473 3424 567 3462 ornnes
589 3409 670 3461 huius
696 3408 803 3478 generis
824 3407 946 3475 picturas
967 3407 1120 3474 inquirere,
1147 3407 1178 3457 ut
1199 3404 1266 3458 satis

101 3491 254 3547 habeamus
277 3492 360 3547 liceat
383 3492 412 3545 in
435 3492 469 3547 iis
498 3510 566 3561 quas
587 3495 806 3549 Wieselerus
836 3493 947 3547 exhibet
969 3493 997 3547 in
1021 3493 1091 3546 libro
1113 3508 1162 3545 nuo
1184 3508 1265 3559 quem

104 3577 248 3649 inscripsit
265 3577 587 3648 Theatergebttude
605 3581 673 3634 und
692 3580 909 3634 Denlrmbler
927 3582 987 3635 des
1005 3579 1266 3634 Biihnenwesens

102 3664 268 3733 (thtingen
284 3664 369 3734 1851).
398 3664 513 3720 Easdem
533 3666 655 3721 invenies
673 3667 797 3735 depictas
815 3667 844 3720 in
862 3666 1032 3721 Panofkae
1051 3667 1133 3721 libro:
1154 3666 1266 3721 Bilcler

103 3750 255 3805 antiken
277 3750 412 3805 Lebens
431 3751 535 3821 (Berlin
548 3751 632 3821 1843).
667 3753 742 3807 Duas
762 3752 832 3807 alias
850 3753 971 3822 picturas
989 3753 1072 3807 affert
1089 3752 1265 3808 Gerhard:

102 3837 274 3891 euserles.
293 3837 426 3907 grieoh.
446 3838 649 3893 Vasenbild.
674 3838 778 3909 (Berlin
798 3837 879 3906 1840)
905 3842 970 3894 tom.
988 3840 1014 3904 I,
1039 3838 1126 3893 tabul.
1151 3839 1214 3905 c,2
1238 3842 1267 3893 et

102 3921 254 3976 tanatos
1148 3967 1153 3974 .

171 4008 201 4077 3)
219 4004 343 4061 invenies
366 4007 470 4077 optime
488 4006 625 4076 depictam
644 4008 673 4063 in
690 4009 828 4063 Panoilr.
847 4010 864 4063 l.
883 4010 902 4064 l.
922 4009 1009 4064 tabul.
1027 4010 1080 4075 IV,
1097 4011 1127 4078 93
1152 4010 1264 4065 eandem

104 4096 217 4153 exhibet
235 4092 441 4146 Wieselerus
460 4092 477 4145 1.
496 4093 619 4148 l.tabu1.
640 4094 688 4159 IV,
706 4098 730 4160 7,
748 4113 832 4163 quam
850 4095 879 4148 in
894 4111 957 4165 pag.
976 4094 1018 4160 34,
1038 4095 1052 4147 l
1072 4094 1208 4149 describit.

171 4183 199 4248 4)
225 4178 274 4249 qui
300 4176 419 4247 primum
453 4178 565 4247 quidem
590 4179 714 4249 (thymel,
742 4201 769 4252 p.
796 4182 841 4250 52)
870 4181 904 4235 de
931 4180 1081 4235 certamine
1106 4180 1209 4235 musico
1236 4181 1266 4236 in

103 4267 220 4337 Dionysi
244 4266 355 4320 theatro
380 4264 538 4334 cogitabat,
564 4266 623 4318 tum
647 4284 712 4321 vero
735 4266 794 4335 ipse
818 4283 846 4321 se
871 4266 1003 4322 erravisse
1026 4265 1208 4335 profitebatur
1235 4266 1265 4320 in

104 4354 234 4428 opusculo
251 4351 296 4407 cui
308 4351 423 4407 titulum
435 4350 575 4423 inscripsit
592 4350 648 4408 das
666 4352 858 4424 Satyrspiel
875 4352 916 4420 (in
931 4351 1078 4421 thtinger
1093 4351 1170 4407 Stud.
1189 4353 1264 4419 1847,
