<?xml version="1.0" encoding="UTF-8"?>
<!DOCTYPE html PUBLIC "-//W3C//DTD XHTML 1.0 Transitional//EN"
    "http://www.w3.org/TR/xhtml1/DTD/xhtml1-transitional.dtd">
<html xmlns="http://www.w3.org/1999/xhtml" xml:lang="en" lang="en">
 <head>
  <title>
</title>
<meta http-equiv="Content-Type" content="text/html;charset=utf-8" />
  <meta name='ocr-system' content='tesseract 3.04.00' />
  <meta name='ocr-capabilities' content='ocr_page ocr_carea ocr_par ocr_line ocrx_word'/>
</head>
<body>
  <div class='ocr_page' id='page_1' title='image "./quaestionesscae00harzgoog_0044.png"; bbox 0 0 3225 5200; ppageno 0'>
   <div class='ocr_carea' id='block_1_1' title="bbox 925 512 964 576">
    <p class='ocr_par' dir='ltr' id='par_1_1' title="bbox 925 512 964 576">
     <span class='ocr_line' id='line_1_1' title="bbox 925 512 964 576; baseline 0.026 -1"><span class='ocrx_word' id='word_1_1' title='bbox 925 512 964 576; x_wconf 85' lang='grc'><strong>36</strong></span> 
     </span>
    </p>
   </div>
   <div class='ocr_carea' id='block_1_2' title="bbox 352 689 1522 2673">
    <p class='ocr_par' dir='ltr' id='par_1_2' title="bbox 355 689 1522 1656">
     <span class='ocr_line' id='line_1_2' title="bbox 358 689 1521 777; baseline 0.001 -23"><span class='ocrx_word' id='word_1_2' title='bbox 358 696 510 754; x_wconf 84' lang='lat' dir='ltr'><strong>testatur:</strong></span> <span class='ocrx_word' id='word_1_3' title='bbox 548 689 704 754; x_wconf 77' lang='grc' dir='ltr'><em>κατέλυσε</em></span> <span class='ocrx_word' id='word_1_4' title='bbox 740 693 798 752; x_wconf 89' lang='grc' dir='ltr'><strong>τοῦ</strong></span> <span class='ocrx_word' id='word_1_5' title='bbox 831 690 970 772; x_wconf 82' lang='grc' dir='ltr'><em>οὐρανοῦ</em></span> <span class='ocrx_word' id='word_1_6' title='bbox 997 691 1057 777; x_wconf 85' lang='grc' dir='ltr'><strong>τήν</strong></span> <span class='ocrx_word' id='word_1_7' title='bbox 1085 690 1264 773; x_wconf 77' lang='grc' dir='ltr'><em>ὑπόκρισιν.</em></span> <span class='ocrx_word' id='word_1_8' title='bbox 1306 690 1433 756; x_wconf 70' lang='grc' dir='ltr'><em>κάτεισι</em></span> <span class='ocrx_word' id='word_1_9' title='bbox 1459 692 1521 774; x_wconf 69' lang='lat' dir='ltr'><strong>yda</strong></span> 
     </span>
     <span class='ocr_line' id='line_1_3' title="bbox 358 789 1522 879; baseline 0.003 -27"><span class='ocrx_word' id='word_1_10' title='bbox 358 791 414 852; x_wconf 79' lang='grc' dir='ltr'><em>ἐπὶ</em></span> <span class='ocrx_word' id='word_1_11' title='bbox 443 790 502 872; x_wconf 81' lang='grc' dir='ltr'><strong>τήν</strong></span> <span class='ocrx_word' id='word_1_12' title='bbox 531 789 715 874; x_wconf 76' lang='grc' dir='ltr'><strong><em>ὀρχήστραν</em></strong></span> <span class='ocrx_word' id='word_1_13' title='bbox 739 790 897 870; x_wconf 81' lang='grc' dir='ltr'><em>κλίμαξιν.</em></span> <span class='ocrx_word' id='word_1_14' title='bbox 942 791 1093 872; x_wconf 74' lang='grc' dir='ltr'><strong><em>ἐχόμενος</em></strong></span> <span class='ocrx_word' id='word_1_15' title='bbox 1121 792 1158 855; x_wconf 81' lang='lat' dir='ltr'><strong>dd</strong></span> <span class='ocrx_word' id='word_1_16' title='bbox 1186 796 1241 876; x_wconf 82' lang='grc' dir='ltr'><strong>τής</strong></span> <span class='ocrx_word' id='word_1_17' title='bbox 1266 792 1402 879; x_wconf 82' lang='grc' dir='ltr'><em>Εἰρήνης</em></span> <span class='ocrx_word' id='word_1_18' title='bbox 1423 816 1522 856; x_wconf 87' lang='grc' dir='ltr'><em>κατα-</em></span> 
     </span>
     <span class='ocr_line' id='line_1_4' title="bbox 356 890 1522 976; baseline 0.003 -24"><span class='ocrx_word' id='word_1_19' title='bbox 356 890 501 971; x_wconf 69' lang='lat' dir='ltr'><strong>patrato</strong></span> <span class='ocrx_word' id='word_1_20' title='bbox 529 892 713 973; x_wconf 72' lang='grc' dir='ltr'><em>πρεσβύτης</em></span> <span class='ocrx_word' id='word_1_21' title='bbox 742 890 797 952; x_wconf 77' lang='grc' dir='ltr'><em>ἐπὶ</em></span> <span class='ocrx_word' id='word_1_22' title='bbox 829 891 889 976; x_wconf 82' lang='grc' dir='ltr'><strong>τήν</strong></span> <span class='ocrx_word' id='word_1_23' title='bbox 919 890 1113 973; x_wconf 86' lang='grc' dir='ltr'><em>ὀρχήστραν.</em></span> <span class='ocrx_word' id='word_1_24' title='bbox 1157 892 1235 965; x_wconf 86' lang='grc' dir='ltr'><em>ἴσως</em></span> <span class='ocrx_word' id='word_1_25' title='bbox 1257 893 1293 954; x_wconf 78' lang='grc' dir='ltr'><strong>δὲ</strong></span> <span class='ocrx_word' id='word_1_26' title='bbox 1315 894 1368 956; x_wconf 83' lang='grc' dir='ltr'><strong>καὶ</strong></span> <span class='ocrx_word' id='word_1_27' title='bbox 1391 892 1522 976; x_wconf 83' lang='grc' dir='ltr'><em>ὁχορός</em></span> 
     </span>
     <span class='ocr_line' id='line_1_5' title="bbox 357 972 1520 1077; baseline 0.006 -26"><span class='ocrx_word' id='word_1_28' title='bbox 357 989 504 1073; x_wconf 70' lang='grc' dir='ltr'><em>α’νήλθεν</em></span> <span class='ocrx_word' id='word_1_29' title='bbox 536 990 580 1064; x_wconf 78' lang='grc' dir='ltr'><strong>εἰς</strong></span> <span class='ocrx_word' id='word_1_30' title='bbox 608 991 670 1077; x_wconf 85' lang='grc' dir='ltr'><strong>τήν</strong></span> <span class='ocrx_word' id='word_1_31' title='bbox 697 989 865 1072; x_wconf 74' lang='grc' dir='ltr'><em>α’ναχωγηῗν</em></span> <span class='ocrx_word' id='word_1_32' title='bbox 894 994 950 1065; x_wconf 75' lang='grc' dir='ltr'><em>τῆς</em></span> <span class='ocrx_word' id='word_1_33' title='bbox 969 989 1106 1074; x_wconf 80' lang='grc' dir='ltr'><em>Εἰρήνης</em></span> <span class='ocrx_word' id='word_1_34' title='bbox 1119 990 1149 1073; x_wconf 88' lang='lat'><strong>¹).</strong></span> <span class='ocrx_word' id='word_1_35' title='bbox 1194 972 1273 1057; x_wconf 69' lang='grc' dir='ltr'><strong>Τῑλῐη</strong></span> <span class='ocrx_word' id='word_1_36' title='bbox 1294 993 1358 1056; x_wconf 83' lang='lat' dir='ltr'><strong>exit</strong></span> <span class='ocrx_word' id='word_1_37' title='bbox 1379 992 1430 1056; x_wconf 86' lang='lat' dir='ltr'><strong>ille</strong></span> <span class='ocrx_word' id='word_1_38' title='bbox 1451 1011 1520 1058; x_wconf 85' lang='lat' dir='ltr'><strong>cum</strong></span> 
     </span>
     <span class='ocr_line' id='line_1_6' title="bbox 358 1092 1521 1174; baseline 0.003 -21"><span class='ocrx_word' id='word_1_39' title='bbox 358 1092 417 1154; x_wconf 92' lang='lat' dir='ltr'><strong>diis</strong></span> <span class='ocrx_word' id='word_1_40' title='bbox 456 1111 507 1173; x_wconf 89' lang='lat' dir='ltr'><strong>per</strong></span> <span class='ocrx_word' id='word_1_41' title='bbox 546 1093 702 1156; x_wconf 81' lang='lat' dir='ltr'><strong>sinistram</strong></span> <span class='ocrx_word' id='word_1_42' title='bbox 736 1092 884 1173; x_wconf 89' lang='lat' dir='ltr'><strong>parodum</strong></span> <span class='ocrx_word' id='word_1_43' title='bbox 924 1099 955 1155; x_wconf 92' lang='lat' dir='ltr'><strong>et</strong></span> <span class='ocrx_word' id='word_1_44' title='bbox 993 1093 1074 1156; x_wconf 86' lang='lat' dir='ltr'><strong>redit</strong></span> <span class='ocrx_word' id='word_1_45' title='bbox 1109 1111 1164 1174; x_wconf 85' lang='lat' dir='ltr'><strong>per</strong></span> <span class='ocrx_word' id='word_1_46' title='bbox 1193 1093 1340 1157; x_wconf 83' lang='lat' dir='ltr'><strong>sinistrae</strong></span> <span class='ocrx_word' id='word_1_47' title='bbox 1371 1110 1521 1157; x_wconf 88' lang='lat' dir='ltr'><strong>versurae</strong></span> 
     </span>
     <span class='ocr_line' id='line_1_7' title="bbox 357 1191 1519 1274; baseline 0.001 -21"><span class='ocrx_word' id='word_1_48' title='bbox 357 1191 475 1255; x_wconf 91' lang='lat' dir='ltr'><strong>aditum</strong></span> <span class='ocrx_word' id='word_1_49' title='bbox 491 1193 538 1274; x_wconf 86' lang='lat' dir='ltr'><strong>(v.</strong></span> <span class='ocrx_word' id='word_1_50' title='bbox 555 1192 632 1270; x_wconf 84' lang='grc'>819)</span> <span class='ocrx_word' id='word_1_51' title='bbox 653 1194 682 1255; x_wconf 94' lang='lat' dir='ltr'><strong>in</strong></span> <span class='ocrx_word' id='word_1_52' title='bbox 698 1210 850 1272; x_wconf 81' lang='lat' dir='ltr'><strong>scaenam,</strong></span> <span class='ocrx_word' id='word_1_53' title='bbox 873 1209 952 1272; x_wconf 87' lang='lat' dir='ltr'><strong>quae</strong></span> <span class='ocrx_word' id='word_1_54' title='bbox 974 1193 1055 1257; x_wconf 87' lang='lat' dir='ltr'><strong>inter</strong></span> <span class='ocrx_word' id='word_1_55' title='bbox 1067 1193 1150 1257; x_wconf 92' lang='lat' dir='ltr'><strong>chori</strong></span> <span class='ocrx_word' id='word_1_56' title='bbox 1173 1198 1283 1257; x_wconf 87' lang='lat' dir='ltr'><strong>cantus</strong></span> <span class='ocrx_word' id='word_1_57' title='bbox 1296 1194 1357 1273; x_wconf 86' lang='lat' dir='ltr'><strong>(vv.</strong></span> <span class='ocrx_word' id='word_1_58' title='bbox 1371 1193 1519 1274; x_wconf 76' lang='lat' dir='ltr'><strong>aaa-817)</strong></span> 
     </span>
     <span class='ocr_line' id='line_1_8' title="bbox 356 1289 1518 1373; baseline 0.001 -19"><span class='ocrx_word' id='word_1_59' title='bbox 356 1296 542 1355; x_wconf 90' lang='lat' dir='ltr'><strong>commutata</strong></span> <span class='ocrx_word' id='word_1_60' title='bbox 554 1289 578 1373; x_wconf 73' lang='grc'><strong>2)</strong></span> <span class='ocrx_word' id='word_1_61' title='bbox 599 1290 719 1355; x_wconf 93' lang='lat' dir='ltr'><strong>domum</strong></span> <span class='ocrx_word' id='word_1_62' title='bbox 744 1291 878 1372; x_wconf 85' lang='lat' dir='ltr'><strong>Trygaei</strong></span> <span class='ocrx_word' id='word_1_63' title='bbox 900 1291 1044 1356; x_wconf 80' lang='lat' dir='ltr'><strong>ostendit.</strong></span> <span class='ocrx_word' id='word_1_64' title='bbox 1089 1292 1156 1369; x_wconf 83' lang='lat' dir='ltr'><strong>Quo</strong></span> <span class='ocrx_word' id='word_1_65' title='bbox 1178 1311 1215 1356; x_wconf 85' lang='lat' dir='ltr'><strong>ex</strong></span> <span class='ocrx_word' id='word_1_66' title='bbox 1238 1291 1303 1356; x_wconf 87' lang='lat' dir='ltr'><strong>ioco</strong></span> <span class='ocrx_word' id='word_1_67' title='bbox 1331 1291 1381 1356; x_wconf 86' lang='lat' dir='ltr'><strong>iile</strong></span> <span class='ocrx_word' id='word_1_68' title='bbox 1403 1293 1518 1356; x_wconf 89' lang='lat' dir='ltr'><strong>iterum</strong></span> 
     </span>
     <span class='ocr_line' id='line_1_9' title="bbox 356 1390 1519 1473; baseline 0.001 -20"><span class='ocrx_word' id='word_1_69' title='bbox 356 1390 387 1453; x_wconf 95' lang='lat' dir='ltr'><strong>in</strong></span> <span class='ocrx_word' id='word_1_70' title='bbox 418 1390 606 1455; x_wconf 81' lang='lat' dir='ltr'><strong>orchestram</strong></span> <span class='ocrx_word' id='word_1_71' title='bbox 637 1390 804 1470; x_wconf 81' lang='lat' dir='ltr'><strong>descendit,</strong></span> <span class='ocrx_word' id='word_1_72' title='bbox 838 1397 873 1454; x_wconf 91' lang='lat' dir='ltr'><strong>ut</strong></span> <span class='ocrx_word' id='word_1_73' title='bbox 903 1390 1055 1454; x_wconf 88' lang='lat' dir='ltr'><strong>Theorian</strong></span> <span class='ocrx_word' id='word_1_74' title='bbox 1078 1391 1165 1455; x_wconf 90' lang='lat' dir='ltr'><strong>deam</strong></span> <span class='ocrx_word' id='word_1_75' title='bbox 1195 1391 1379 1472; x_wconf 88' lang='lat' dir='ltr'><strong>prytauihus</strong></span> <span class='ocrx_word' id='word_1_76' title='bbox 1401 1391 1519 1473; x_wconf 82' lang='lat' dir='ltr'><strong>tradat,</strong></span> 
     </span>
     <span class='ocr_line' id='line_1_10' title="bbox 355 1490 1517 1575; baseline 0.001 -21"><span class='ocrx_word' id='word_1_77' title='bbox 355 1509 433 1572; x_wconf 87' lang='lat' dir='ltr'><strong>quos</strong></span> <span class='ocrx_word' id='word_1_78' title='bbox 467 1492 583 1571; x_wconf 89' lang='lat' dir='ltr'><strong>primas</strong></span> <span class='ocrx_word' id='word_1_79' title='bbox 627 1496 838 1571; x_wconf 87' lang='lat' dir='ltr'><strong>spectatorum</strong></span> <span class='ocrx_word' id='word_1_80' title='bbox 879 1490 967 1555; x_wconf 88' lang='lat' dir='ltr'><strong>sedes</strong></span> <span class='ocrx_word' id='word_1_81' title='bbox 1003 1491 1172 1557; x_wconf 87' lang='lat' dir='ltr'><strong>obtinuisse</strong></span> <span class='ocrx_word' id='word_1_82' title='bbox 1206 1491 1283 1555; x_wconf 90' lang='lat' dir='ltr'><strong>satis</strong></span> <span class='ocrx_word' id='word_1_83' title='bbox 1317 1499 1423 1557; x_wconf 89' lang='lat' dir='ltr'><strong>notum</strong></span> <span class='ocrx_word' id='word_1_84' title='bbox 1458 1499 1517 1575; x_wconf 88' lang='lat' dir='ltr'><strong>cst,</strong></span> 
     </span>
     <span class='ocr_line' id='line_1_11' title="bbox 355 1590 583 1656; baseline 0.004 -3"><span class='ocrx_word' id='word_1_85' title='bbox 355 1591 439 1656; x_wconf 88' lang='lat' dir='ltr'><strong>hisce</strong></span> <span class='ocrx_word' id='word_1_86' title='bbox 464 1590 583 1655; x_wconf 87' lang='lat' dir='ltr'><strong>verbis:</strong></span> 
     </span>
    </p>

    <p class='ocr_par' dir='ltr' id='par_1_3' title="bbox 477 1680 1237 1776">
     <span class='ocr_line' id='line_1_12' title="bbox 477 1680 1237 1776; baseline 0 -24"><span class='ocrx_word' id='word_1_87' title='bbox 477 1689 554 1766; x_wconf 71' lang='grc' dir='ltr'><em>αλλ’,</em></span> <span class='ocrx_word' id='word_1_88' title='bbox 578 1680 603 1754; x_wconf 70' lang='grc' dir='ltr'><em>ολ</em></span> <span class='ocrx_word' id='word_1_89' title='bbox 624 1692 807 1771; x_wconf 74' lang='grc' dir='ltr'><em>πρυτάνεις,</em></span> <span class='ocrx_word' id='word_1_90' title='bbox 832 1691 974 1770; x_wconf 64' lang='grc' dir='ltr'><em>δέχεσθε</em></span> <span class='ocrx_word' id='word_1_91' title='bbox 995 1692 1055 1776; x_wconf 84' lang='grc' dir='ltr'><strong>τήν</strong></span> <span class='ocrx_word' id='word_1_92' title='bbox 1080 1695 1237 1771; x_wconf 81' lang='grc' dir='ltr'><em>Θεωρίαν·</em></span> 
     </span>
    </p>

    <p class='ocr_par' dir='ltr' id='par_1_4' title="bbox 354 1788 1517 2471">
     <span class='ocr_line' id='line_1_13' title="bbox 475 1788 1497 1873; baseline 0.005 -21"><span class='ocrx_word' id='word_1_93' title='bbox 475 1793 558 1854; x_wconf 67' lang='lat' dir='ltr'><strong>drio&#39;</strong></span> <span class='ocrx_word' id='word_1_94' title='bbox 577 1790 617 1864; x_wconf 69' lang='lat' dir='ltr'><strong>uic</strong></span> <span class='ocrx_word' id='word_1_95' title='bbox 640 1788 821 1873; x_wconf 65' lang='grc' dir='ltr'><em>προθύμως</em></span> <span class='ocrx_word' id='word_1_96' title='bbox 843 1790 860 1852; x_wconf 81' lang='grc' dir='ltr'>ὁ</span> <span class='ocrx_word' id='word_1_97' title='bbox 881 1790 1039 1871; x_wconf 70' lang='grc' dir='ltr'><em>πρύτανις</em></span> <span class='ocrx_word' id='word_1_98' title='bbox 1058 1790 1264 1869; x_wconf 71' lang='grc' dir='ltr'><em>παρεδέξατο</em></span> <span class='ocrx_word' id='word_1_99' title='bbox 1287 1789 1331 1872; x_wconf 88' lang='lat' dir='ltr'><strong>(v.</strong></span> <span class='ocrx_word' id='word_1_100' title='bbox 1350 1792 1410 1855; x_wconf 83' lang='lat'><strong>905</strong></span> <span class='ocrx_word' id='word_1_101' title='bbox 1427 1793 1497 1871; x_wconf 63' lang='lat' dir='ltr'><strong>sd).</strong></span> 
     </span>
     <span class='ocr_line' id='line_1_14' title="bbox 357 1889 1517 1973; baseline 0 -20"><span class='ocrx_word' id='word_1_102' title='bbox 357 1889 465 1972; x_wconf 79' lang='lat' dir='ltr'><strong>Neque</strong></span> <span class='ocrx_word' id='word_1_103' title='bbox 488 1891 567 1953; x_wconf 90' lang='lat' dir='ltr'><strong>enim</strong></span> <span class='ocrx_word' id='word_1_104' title='bbox 597 1909 689 1956; x_wconf 89' lang='lat' dir='ltr'><strong>causa</strong></span> <span class='ocrx_word' id='word_1_105' title='bbox 719 1898 768 1955; x_wconf 89' lang='lat' dir='ltr'><strong>est</strong></span> <span class='ocrx_word' id='word_1_106' title='bbox 791 1909 889 1973; x_wconf 86' lang='lat' dir='ltr'><strong>quare</strong></span> <span class='ocrx_word' id='word_1_107' title='bbox 910 1891 1095 1969; x_wconf 77' lang='lat' dir='ltr'><strong>dubitemne,</strong></span> <span class='ocrx_word' id='word_1_108' title='bbox 1115 1891 1190 1973; x_wconf 85' lang='lat' dir='ltr'><strong>quin</strong></span> <span class='ocrx_word' id='word_1_109' title='bbox 1213 1890 1279 1970; x_wconf 88' lang='lat' dir='ltr'><strong>ipse</strong></span> <span class='ocrx_word' id='word_1_110' title='bbox 1306 1890 1465 1970; x_wconf 85' lang='lat' dir='ltr'><strong>Trygaeus</strong></span> <span class='ocrx_word' id='word_1_111' title='bbox 1486 1892 1517 1953; x_wconf 92' lang='lat' dir='ltr'><strong>in</strong></span> 
     </span>
     <span class='ocr_line' id='line_1_15' title="bbox 358 1988 1517 2074; baseline 0.002 -22"><span class='ocrx_word' id='word_1_112' title='bbox 358 1988 548 2054; x_wconf 82' lang='lat' dir='ltr'><strong>orchestram</strong></span> <span class='ocrx_word' id='word_1_113' title='bbox 568 1990 762 2055; x_wconf 87' lang='lat' dir='ltr'><strong>descenderit</strong></span> <span class='ocrx_word' id='word_1_114' title='bbox 777 1997 810 2054; x_wconf 91' lang='lat' dir='ltr'><strong>et</strong></span> <span class='ocrx_word' id='word_1_115' title='bbox 828 1991 915 2054; x_wconf 87' lang='lat' dir='ltr'><strong>deam</strong></span> <span class='ocrx_word' id='word_1_116' title='bbox 926 1990 1108 2072; x_wconf 88' lang='lat' dir='ltr'><strong>prytanibus</strong></span> <span class='ocrx_word' id='word_1_117' title='bbox 1121 1990 1252 2067; x_wconf 86' lang='lat' dir='ltr'><strong>dederit,</strong></span> <span class='ocrx_word' id='word_1_118' title='bbox 1271 1992 1403 2074; x_wconf 89' lang='lat' dir='ltr'><strong>quicum</strong></span> <span class='ocrx_word' id='word_1_119' title='bbox 1418 2011 1447 2056; x_wconf 86' lang='lat' dir='ltr'><strong>v.</strong></span> <span class='ocrx_word' id='word_1_120' title='bbox 1457 1993 1517 2054; x_wconf 84' lang='lat'><strong>882</strong></span> 
     </span>
     <span class='ocr_line' id='line_1_16' title="bbox 355 2088 1515 2171; baseline 0.002 -20"><span class='ocrx_word' id='word_1_121' title='bbox 355 2106 388 2152; x_wconf 90' lang='lat' dir='ltr'><strong>se</strong></span> <span class='ocrx_word' id='word_1_122' title='bbox 418 2089 518 2170; x_wconf 90' lang='lat' dir='ltr'><strong>ipsum</strong></span> <span class='ocrx_word' id='word_1_123' title='bbox 539 2088 622 2153; x_wconf 87' lang='lat' dir='ltr'><strong>illam</strong></span> <span class='ocrx_word' id='word_1_124' title='bbox 646 2091 835 2156; x_wconf 89' lang='lat' dir='ltr'><strong>traditurum</strong></span> <span class='ocrx_word' id='word_1_125' title='bbox 857 2090 1147 2171; x_wconf 64' lang='lat' dir='ltr'><strong>pronuntiaverint.</strong></span> <span class='ocrx_word' id='word_1_126' title='bbox 1190 2090 1359 2155; x_wconf 88' lang='lat' dir='ltr'><strong>Praeterea</strong></span> <span class='ocrx_word' id='word_1_127' title='bbox 1381 2091 1515 2155; x_wconf 87' lang='lat' dir='ltr'><strong>Schoen-</strong></span> 
     </span>
     <span class='ocr_line' id='line_1_17' title="bbox 354 2188 1511 2273; baseline -0.001 -22"><span class='ocrx_word' id='word_1_128' title='bbox 354 2188 480 2253; x_wconf 90' lang='lat' dir='ltr'><strong>bornius</strong></span> <span class='ocrx_word' id='word_1_129' title='bbox 495 2188 542 2272; x_wconf 79' lang='lat' dir='ltr'><strong>(p.</strong></span> <span class='ocrx_word' id='word_1_130' title='bbox 561 2190 643 2267; x_wconf 84' lang='grc'>340),</span> <span class='ocrx_word' id='word_1_131' title='bbox 665 2208 793 2272; x_wconf 90' lang='lat' dir='ltr'><strong>quocum</strong></span> <span class='ocrx_word' id='word_1_132' title='bbox 817 2190 854 2253; x_wconf 92' lang='lat' dir='ltr'><strong>de</strong></span> <span class='ocrx_word' id='word_1_133' title='bbox 874 2191 1000 2273; x_wconf 90' lang='lat' dir='ltr'><strong>reliquis</strong></span> <span class='ocrx_word' id='word_1_134' title='bbox 1019 2190 1179 2269; x_wconf 87' lang='lat' dir='ltr'><strong>dissentio,</strong></span> <span class='ocrx_word' id='word_1_135' title='bbox 1199 2196 1284 2254; x_wconf 86' lang='lat' dir='ltr'><strong>recte</strong></span> <span class='ocrx_word' id='word_1_136' title='bbox 1305 2189 1399 2253; x_wconf 82' lang='lat' dir='ltr'><strong>affert</strong></span> <span class='ocrx_word' id='word_1_137' title='bbox 1418 2190 1511 2252; x_wconf 90' lang='lat' dir='ltr'><strong>etiam</strong></span> 
     </span>
     <span class='ocr_line' id='line_1_18' title="bbox 354 2287 1512 2371; baseline 0 -21"><span class='ocrx_word' id='word_1_138' title='bbox 354 2306 381 2350; x_wconf 90' lang='lat' dir='ltr'><strong>v.</strong></span> <span class='ocrx_word' id='word_1_139' title='bbox 404 2291 463 2351; x_wconf 82' lang='lat'><strong>923</strong></span> <span class='ocrx_word' id='word_1_140' title='bbox 497 2288 585 2351; x_wconf 91' lang='lat' dir='ltr'><strong>deam</strong></span> <span class='ocrx_word' id='word_1_141' title='bbox 614 2289 644 2351; x_wconf 90' lang='lat' dir='ltr'><strong>in</strong></span> <span class='ocrx_word' id='word_1_142' title='bbox 675 2288 807 2353; x_wconf 91' lang='lat' dir='ltr'><strong>omnium</strong></span> <span class='ocrx_word' id='word_1_143' title='bbox 839 2297 1006 2371; x_wconf 90' lang='lat' dir='ltr'><strong>conspectu</strong></span> <span class='ocrx_word' id='word_1_144' title='bbox 1034 2287 1136 2367; x_wconf 83' lang='lat' dir='ltr'><strong>fuisse,</strong></span> <span class='ocrx_word' id='word_1_145' title='bbox 1166 2308 1229 2371; x_wconf 88' lang='lat' dir='ltr'><strong>quo</strong></span> <span class='ocrx_word' id='word_1_146' title='bbox 1258 2290 1322 2354; x_wconf 89' lang='lat' dir='ltr'><strong>loco</strong></span> <span class='ocrx_word' id='word_1_147' title='bbox 1354 2289 1512 2370; x_wconf 83' lang='lat' dir='ltr'><strong>Trygacus</strong></span> 
     </span>
     <span class='ocr_line' id='line_1_19' title="bbox 354 2380 1257 2471; baseline 0.002 -21"><span class='ocrx_word' id='word_1_148' title='bbox 354 2385 449 2450; x_wconf 83' lang='lat' dir='ltr'><strong>choro</strong></span> <span class='ocrx_word' id='word_1_149' title='bbox 472 2387 687 2467; x_wconf 84' lang='lat' dir='ltr'><strong>interroganti,</strong></span> <span class='ocrx_word' id='word_1_150' title='bbox 709 2380 783 2471; x_wconf 88' lang='lat' dir='ltr'><strong>quid</strong></span> <span class='ocrx_word' id='word_1_151' title='bbox 806 2388 980 2453; x_wconf 87' lang='lat' dir='ltr'><strong>faciendum</strong></span> <span class='ocrx_word' id='word_1_152' title='bbox 1004 2390 1054 2467; x_wconf 85' lang='lat' dir='ltr'><strong>sit,</strong></span> <span class='ocrx_word' id='word_1_153' title='bbox 1076 2389 1257 2470; x_wconf 84' lang='lat' dir='ltr'><strong>respondet:</strong></span> 
     </span>
    </p>

    <p class='ocr_par' dir='ltr' id='par_1_5' title="bbox 352 2483 1511 2673">
     <span class='ocr_line' id='line_1_20' title="bbox 474 2483 1206 2574; baseline -0.001 -25"><span class='ocrx_word' id='word_1_154' title='bbox 474 2492 509 2549; x_wconf 88' lang='grc' dir='ltr'><em>τί</em></span> <span class='ocrx_word' id='word_1_155' title='bbox 528 2488 556 2548; x_wconf 80' lang='grc' dir='ltr'><strong>δ’</strong></span> <span class='ocrx_word' id='word_1_156' title='bbox 576 2483 657 2550; x_wconf 74' lang='grc' dir='ltr'><em>ἄλλο</em></span> <span class='ocrx_word' id='word_1_157' title='bbox 679 2490 705 2568; x_wconf 84' lang='lat' dir='ltr'><strong>y&#39;</strong></span> <span class='ocrx_word' id='word_1_158' title='bbox 727 2485 748 2574; x_wconf 84' lang='grc' dir='ltr'><em>ή</em></span> <span class='ocrx_word' id='word_1_159' title='bbox 768 2487 889 2571; x_wconf 84' lang='grc' dir='ltr'><em>ταύτην</em></span> <span class='ocrx_word' id='word_1_160' title='bbox 909 2487 1038 2568; x_wconf 80' lang='grc' dir='ltr'><em>χύτραις</em></span> <span class='ocrx_word' id='word_1_161' title='bbox 1059 2486 1206 2568; x_wconf 76' lang='grc' dir='ltr'><em>ἱδρυτέον</em></span> 
     </span>
     <span class='ocr_line' id='line_1_21' title="bbox 352 2584 1511 2673; baseline 0 -24"><span class='ocrx_word' id='word_1_162' title='bbox 352 2585 454 2651; x_wconf 89' lang='lat' dir='ltr'><strong>iocose</strong></span> <span class='ocrx_word' id='word_1_163' title='bbox 488 2588 656 2671; x_wconf 89' lang='lat' dir='ltr'><strong>respiciens</strong></span> <span class='ocrx_word' id='word_1_164' title='bbox 688 2588 727 2653; x_wconf 90' lang='lat' dir='ltr'><strong>ad</strong></span> <span class='ocrx_word' id='word_1_165' title='bbox 764 2608 852 2653; x_wconf 90' lang='lat' dir='ltr'><strong>usum</strong></span> <span class='ocrx_word' id='word_1_166' title='bbox 890 2588 1044 2673; x_wconf 84' lang='lat' dir='ltr'><strong>quendam</strong></span> <span class='ocrx_word' id='word_1_167' title='bbox 1075 2587 1265 2652; x_wconf 88' lang='lat' dir='ltr'><strong>Graecorum</strong></span> <span class='ocrx_word' id='word_1_168' title='bbox 1295 2605 1356 2669; x_wconf 88' lang='lat' dir='ltr'><strong>quo</strong></span> <span class='ocrx_word' id='word_1_169' title='bbox 1385 2584 1511 2650; x_wconf 84' lang='lat' dir='ltr'><strong>deorum</strong></span> 
     </span>
    </p>
   </div>
   <div class='ocr_carea' id='block_1_3' title="bbox 352 2733 1595 3241">
    <p class='ocr_par' dir='ltr' id='par_1_6' title="bbox 352 2733 1595 3241">
     <span class='ocr_line' id='line_1_22' title="bbox 424 2733 1511 2806; baseline -0.003 -19"><span class='ocrx_word' id='word_1_170' title='bbox 424 2736 447 2798; x_wconf 90' lang='grc'><strong>1)</strong></span> <span class='ocrx_word' id='word_1_171' title='bbox 466 2735 604 2790; x_wconf 90' lang='lat' dir='ltr'><strong>nobiscum</strong></span> <span class='ocrx_word' id='word_1_172' title='bbox 629 2739 762 2791; x_wconf 87' lang='lat' dir='ltr'><strong>consentit</strong></span> <span class='ocrx_word' id='word_1_173' title='bbox 787 2737 1013 2805; x_wconf 86' lang='lat' dir='ltr'><strong>Hoepkenius</strong></span> <span class='ocrx_word' id='word_1_174' title='bbox 1033 2738 1050 2790; x_wconf 89' lang='lat' dir='ltr'><strong>l.</strong></span> <span class='ocrx_word' id='word_1_175' title='bbox 1068 2738 1085 2791; x_wconf 91' lang='lat' dir='ltr'><strong>l.</strong></span> <span class='ocrx_word' id='word_1_176' title='bbox 1105 2754 1132 2806; x_wconf 87' lang='lat' dir='ltr'><strong>p.</strong></span> <span class='ocrx_word' id='word_1_177' title='bbox 1147 2738 1177 2790; x_wconf 77' lang='lat' dir='ltr'><strong>ld</strong></span> <span class='ocrx_word' id='word_1_178' title='bbox 1197 2742 1225 2790; x_wconf 91' lang='lat' dir='ltr'><strong>et</strong></span> <span class='ocrx_word' id='word_1_179' title='bbox 1243 2753 1268 2804; x_wconf 91' lang='lat' dir='ltr'><strong>p.</strong></span> <span class='ocrx_word' id='word_1_180' title='bbox 1279 2736 1321 2788; x_wconf 83' lang='lat'><strong>30.</strong></span> <span class='ocrx_word' id='word_1_181' title='bbox 1340 2733 1511 2787; x_wconf 88' lang='lat' dir='ltr'><strong>Alhertus</strong></span> 
     </span>
     <span class='ocr_line' id='line_1_23' title="bbox 353 2820 1595 2892; baseline -0.003 -18"><span class='ocrx_word' id='word_1_182' title='bbox 353 2820 549 2876; x_wconf 86' lang='lat' dir='ltr'><strong>Muellerus</strong></span> <span class='ocrx_word' id='word_1_183' title='bbox 572 2822 601 2889; x_wconf 88' lang='lat' dir='ltr'><strong>(l.</strong></span> <span class='ocrx_word' id='word_1_184' title='bbox 627 2823 643 2877; x_wconf 92' lang='grc' dir='ltr'><strong>Ι.</strong></span> <span class='ocrx_word' id='word_1_185' title='bbox 672 2840 697 2890; x_wconf 93' lang='lat' dir='ltr'><strong>p.</strong></span> <span class='ocrx_word' id='word_1_186' title='bbox 716 2824 748 2876; x_wconf 84' lang='grc'><strong>24</strong></span> <span class='ocrx_word' id='word_1_187' title='bbox 774 2824 832 2878; x_wconf 91' lang='lat' dir='ltr'><strong>adn.</strong></span> <span class='ocrx_word' id='word_1_188' title='bbox 851 2827 878 2892; x_wconf 84' lang='lat'><strong>3)</strong></span> <span class='ocrx_word' id='word_1_189' title='bbox 906 2831 1013 2879; x_wconf 86' lang='lat' dir='ltr'><strong>secutus</strong></span> <span class='ocrx_word' id='word_1_190' title='bbox 1048 2824 1278 2878; x_wconf 86' lang='lat' dir='ltr'><strong>Wies&#39;elcrum</strong></span> <span class='ocrx_word' id='word_1_191' title='bbox 1310 2822 1350 2880; x_wconf 81' lang='lat' dir='ltr'><strong>tin</strong></span> <span class='ocrx_word' id='word_1_192' title='bbox 1374 2820 1465 2873; x_wconf 86' lang='lat' dir='ltr'><strong>Ersch.</strong></span> <span class='ocrx_word' id='word_1_193' title='bbox 1485 2823 1511 2871; x_wconf 85' lang='lat' dir='ltr'><strong>et</strong></span> <span class='ocrx_word' id='word_1_194' title='bbox 1594 2837 1595 2840; x_wconf 42' lang='lat'>¹</span> 
     </span>
     <span class='ocr_line' id='line_1_24' title="bbox 353 2906 1511 2982; baseline -0.003 -20"><span class='ocrx_word' id='word_1_195' title='bbox 353 2907 435 2962; x_wconf 80' lang='lat' dir='ltr'><strong>Grub.</strong></span> <span class='ocrx_word' id='word_1_196' title='bbox 464 2907 481 2961; x_wconf 90' lang='lat' dir='ltr'><strong>l.</strong></span> <span class='ocrx_word' id='word_1_197' title='bbox 502 2909 518 2961; x_wconf 91' lang='grc' dir='ltr'><strong>Ι.</strong></span> <span class='ocrx_word' id='word_1_198' title='bbox 538 2926 565 2978; x_wconf 91' lang='lat' dir='ltr'><strong>p.</strong></span> <span class='ocrx_word' id='word_1_199' title='bbox 578 2909 628 2963; x_wconf 79' lang='lat'><strong>228</strong></span> <span class='ocrx_word' id='word_1_200' title='bbox 653 2908 712 2964; x_wconf 90' lang='lat' dir='ltr'><strong>adn.</strong></span> <span class='ocrx_word' id='word_1_201' title='bbox 725 2910 783 2976; x_wconf 84' lang='lat'>139)</span> <span class='ocrx_word' id='word_1_202' title='bbox 810 2911 937 2964; x_wconf 80' lang='lat' dir='ltr'><strong>censebat</strong></span> <span class='ocrx_word' id='word_1_203' title='bbox 956 2912 1007 2965; x_wconf 92' lang='lat' dir='ltr'><strong>hoc</strong></span> <span class='ocrx_word' id='word_1_204' title='bbox 1028 2912 1087 2965; x_wconf 91' lang='lat' dir='ltr'><strong>loco</strong></span> <span class='ocrx_word' id='word_1_205' title='bbox 1105 2912 1249 2982; x_wconf 74' lang='grc' dir='ltr'><em>ὀρχήοιρον</em></span> <span class='ocrx_word' id='word_1_206' title='bbox 1268 2924 1317 2976; x_wconf 91' lang='lat' dir='ltr'><strong>pro</strong></span> <span class='ocrx_word' id='word_1_207' title='bbox 1338 2906 1417 2974; x_wconf 79' lang='lat' dir='ltr'><strong>lugeo</strong></span> <span class='ocrx_word' id='word_1_208' title='bbox 1436 2921 1511 2959; x_wconf 87' lang='lat' dir='ltr'><strong>usur·</strong></span> 
     </span>
     <span class='ocr_line' id='line_1_25' title="bbox 352 2993 1511 3064; baseline -0.001 -18"><span class='ocrx_word' id='word_1_209' title='bbox 352 2994 417 3062; x_wconf 86' lang='lat' dir='ltr'><strong>pari.</strong></span> <span class='ocrx_word' id='word_1_210' title='bbox 453 2994 505 3048; x_wconf 84' lang='lat' dir='ltr'><strong>Sed</strong></span> <span class='ocrx_word' id='word_1_211' title='bbox 528 2995 573 3050; x_wconf 91' lang='lat' dir='ltr'><strong>hic</strong></span> <span class='ocrx_word' id='word_1_212' title='bbox 598 2996 671 3050; x_wconf 87' lang='lat' dir='ltr'><strong>verbi</strong></span> <span class='ocrx_word' id='word_1_213' title='bbox 697 3013 759 3050; x_wconf 86' lang='lat' dir='ltr'><strong>usus</strong></span> <span class='ocrx_word' id='word_1_214' title='bbox 786 2997 858 3064; x_wconf 90' lang='lat' dir='ltr'><strong>apud</strong></span> <span class='ocrx_word' id='word_1_215' title='bbox 881 3007 999 3050; x_wconf 85' lang='lat' dir='ltr'><strong>nostrum</strong></span> <span class='ocrx_word' id='word_1_216' title='bbox 1022 2998 1090 3051; x_wconf 86' lang='lat' dir='ltr'><strong>alias</strong></span> <span class='ocrx_word' id='word_1_217' title='bbox 1115 3014 1168 3051; x_wconf 93' lang='lat' dir='ltr'><strong>non</strong></span> <span class='ocrx_word' id='word_1_218' title='bbox 1192 2995 1332 3061; x_wconf 86' lang='lat' dir='ltr'><strong>invenitur,</strong></span> <span class='ocrx_word' id='word_1_219' title='bbox 1357 2993 1402 3060; x_wconf 88' lang='lat' dir='ltr'><strong>qui</strong></span> <span class='ocrx_word' id='word_1_220' title='bbox 1420 2993 1511 3060; x_wconf 88' lang='lat' dir='ltr'><strong>potius</strong></span> 
     </span>
     <span class='ocr_line' id='line_1_26' title="bbox 353 3079 1509 3152; baseline -0.003 -19"><span class='ocrx_word' id='word_1_221' title='bbox 353 3080 512 3147; x_wconf 88' lang='lat' dir='ltr'><strong>quibusdam</strong></span> <span class='ocrx_word' id='word_1_222' title='bbox 534 3082 602 3136; x_wconf 86' lang='lat' dir='ltr'><strong>locis</strong></span> <span class='ocrx_word' id='word_1_223' title='bbox 625 3081 787 3136; x_wconf 87' lang='lat' dir='ltr'><strong>orchestram</strong></span> <span class='ocrx_word' id='word_1_224' title='bbox 815 3083 896 3152; x_wconf 86' lang='lat' dir='ltr'><strong>iogeo</strong></span> <span class='ocrx_word' id='word_1_225' title='bbox 919 3085 1037 3151; x_wconf 85' lang='lat' dir='ltr'><strong>opponit,</strong></span> <span class='ocrx_word' id='word_1_226' title='bbox 1062 3091 1092 3136; x_wconf 92' lang='lat' dir='ltr'><strong>ut</strong></span> <span class='ocrx_word' id='word_1_227' title='bbox 1115 3084 1148 3137; x_wconf 90' lang='lat' dir='ltr'><strong>ad</strong></span> <span class='ocrx_word' id='word_1_228' title='bbox 1170 3083 1284 3135; x_wconf 85' lang='lat' dir='ltr'><strong>Ranar.</strong></span> <span class='ocrx_word' id='word_1_229' title='bbox 1303 3098 1327 3133; x_wconf 82' lang='lat' dir='ltr'><strong>v.</strong></span> <span class='ocrx_word' id='word_1_230' title='bbox 1343 3080 1389 3133; x_wconf 88' lang='lat'><strong>181</strong></span> <span class='ocrx_word' id='word_1_231' title='bbox 1420 3079 1509 3133; x_wconf 80' lang='lat' dir='ltr'><strong>Ddbn:</strong></span> 
     </span>
     <span class='ocr_line' id='line_1_27' title="bbox 354 3159 1509 3241; baseline -0.003 -24"><span class='ocrx_word' id='word_1_232' title='bbox 354 3168 467 3218; x_wconf 68' lang='grc' dir='ltr'><em>ίνταῦθα</em></span> <span class='ocrx_word' id='word_1_233' title='bbox 493 3168 520 3219; x_wconf 74' lang='grc' dir='ltr'><strong>ὀί</strong></span> <span class='ocrx_word' id='word_1_234' title='bbox 544 3169 588 3219; x_wconf 80' lang='grc' dir='ltr'><strong>τοῦ</strong></span> <span class='ocrx_word' id='word_1_235' title='bbox 612 3170 701 3220; x_wconf 80' lang='grc' dir='ltr'><em>πλοίου</em></span> <span class='ocrx_word' id='word_1_236' title='bbox 723 3171 846 3229; x_wconf 63' lang='grc' dir='ltr'><em>ὀφθέντος</em></span> <span class='ocrx_word' id='word_1_237' title='bbox 869 3169 1024 3237; x_wconf 76' lang='grc' dir='ltr'><em>ἠλλοιῶσθαι</em></span> <span class='ocrx_word' id='word_1_238' title='bbox 1045 3171 1095 3241; x_wconf 81' lang='grc' dir='ltr'><strong>χρή</strong></span> <span class='ocrx_word' id='word_1_239' title='bbox 1121 3170 1168 3236; x_wconf 83' lang='grc' dir='ltr'><strong>τήν</strong></span> <span class='ocrx_word' id='word_1_240' title='bbox 1196 3168 1287 3235; x_wconf 83' lang='grc' dir='ltr'><em>σκηνήν</em></span> <span class='ocrx_word' id='word_1_241' title='bbox 1305 3167 1346 3217; x_wconf 71' lang='grc' dir='ltr'><strong>καί</strong></span> <span class='ocrx_word' id='word_1_242' title='bbox 1363 3159 1428 3217; x_wconf 73' lang='grc' dir='ltr'><em>εἶναι</em></span> <span class='ocrx_word' id='word_1_243' title='bbox 1446 3163 1509 3216; x_wconf 70' lang='lat' dir='ltr'><strong>suad</strong></span> 
     </span>
    </p>
   </div>
   <div class='ocr_carea' id='block_1_4' title="bbox 351 3254 1510 3502">
    <p class='ocr_par' dir='ltr' id='par_1_7' title="bbox 351 3254 1510 3502">
     <span class='ocr_line' id='line_1_28' title="bbox 351 3254 1509 3324; baseline 0.001 -20"><span class='ocrx_word' id='word_1_244' title='bbox 351 3255 399 3320; x_wconf 87' lang='grc' dir='ltr'><strong>τήν</strong></span> <span class='ocrx_word' id='word_1_245' title='bbox 420 3255 583 3324; x_wconf 68' lang='grc' dir='ltr'><em>Ἀχερουσίαν</em></span> <span class='ocrx_word' id='word_1_246' title='bbox 612 3256 701 3323; x_wconf 78' lang='grc' dir='ltr'><em>λίμνην</em></span> <span class='ocrx_word' id='word_1_247' title='bbox 733 3258 776 3307; x_wconf 83' lang='grc' dir='ltr'><strong>τὸν</strong></span> <span class='ocrx_word' id='word_1_248' title='bbox 806 3258 885 3309; x_wconf 83' lang='grc' dir='ltr'><em>τόπον</em></span> <span class='ocrx_word' id='word_1_249' title='bbox 915 3259 958 3309; x_wconf 73' lang='grc' dir='ltr'><strong>ἐπὶ</strong></span> <span class='ocrx_word' id='word_1_250' title='bbox 980 3257 1025 3308; x_wconf 72' lang='grc' dir='ltr'><em>τοῖν</em></span> <span class='ocrx_word' id='word_1_251' title='bbox 1050 3258 1153 3320; x_wconf 75' lang='grc' dir='ltr'><em>λογείου,</em></span> <span class='ocrx_word' id='word_1_252' title='bbox 1178 3254 1195 3318; x_wconf 78' lang='grc' dir='ltr'><em>ἢ</em></span> <span class='ocrx_word' id='word_1_253' title='bbox 1219 3256 1262 3305; x_wconf 72' lang='lat' dir='ltr'><strong>hri</strong></span> <span class='ocrx_word' id='word_1_254' title='bbox 1293 3254 1338 3320; x_wconf 76' lang='grc' dir='ltr'><em>τῆς</em></span> <span class='ocrx_word' id='word_1_255' title='bbox 1359 3254 1509 3324; x_wconf 74' lang='grc' dir='ltr'><em>ὀρχήστρας,</em></span> 
     </span>
     <span class='ocr_line' id='line_1_29' title="bbox 351 3331 1510 3407; baseline -0.003 -16"><span class='ocrx_word' id='word_1_256' title='bbox 351 3342 456 3407; x_wconf 65' lang='grc' dir='ltr'><em>μηδέπω</em></span> <span class='ocrx_word' id='word_1_257' title='bbox 479 3342 506 3391; x_wconf 75' lang='lat' dir='ltr'><strong>dd</strong></span> <span class='ocrx_word' id='word_1_258' title='bbox 530 3343 666 3394; x_wconf 70' lang='grc' dir='ltr'><em>ἐνΑἲόου.</em></span> <span class='ocrx_word' id='word_1_259' title='bbox 709 3342 742 3396; x_wconf 81' lang='lat' dir='ltr'><strong>ad</strong></span> <span class='ocrx_word' id='word_1_260' title='bbox 762 3342 882 3396; x_wconf 76' lang='lat' dir='ltr'><strong>Rallar.</strong></span> <span class='ocrx_word' id='word_1_261' title='bbox 901 3343 1002 3404; x_wconf 49' lang='lat'><strong>2923?</strong></span> <span class='ocrx_word' id='word_1_262' title='bbox 1021 3342 1109 3396; x_wconf 73' lang='lat' dir='ltr'><strong>Dfibn.</strong></span> <span class='ocrx_word' id='word_1_263' title='bbox 1128 3343 1305 3402; x_wconf 66' lang='lat' dir='ltr'><strong>patronati</strong></span> <span class='ocrx_word' id='word_1_264' title='bbox 1324 3342 1366 3392; x_wconf 74' lang='grc' dir='ltr'><em>οὐκ</em></span> <span class='ocrx_word' id='word_1_265' title='bbox 1384 3331 1449 3391; x_wconf 75' lang='grc' dir='ltr'><em>εἶναι</em></span> <span class='ocrx_word' id='word_1_266' title='bbox 1467 3339 1510 3392; x_wconf 70' lang='lat' dir='ltr'><strong>iai</strong></span> 
     </span>
     <span class='ocr_line' id='line_1_30' title="bbox 352 3420 1509 3502; baseline 0.004 -28"><span class='ocrx_word' id='word_1_267' title='bbox 352 3425 396 3475; x_wconf 72' lang='grc' dir='ltr'><strong>ποῖ·</strong></span> <span class='ocrx_word' id='word_1_268' title='bbox 415 3428 518 3491; x_wconf 79' lang='grc' dir='ltr'><em>λογείου,</em></span> <span class='ocrx_word' id='word_1_269' title='bbox 545 3427 608 3478; x_wconf 74' lang='grc' dir='ltr'><em>α’λλτὶ</em></span> <span class='ocrx_word' id='word_1_270' title='bbox 635 3431 678 3479; x_wconf 69' lang='grc' dir='ltr'><em>ὀπὶ</em></span> <span class='ocrx_word' id='word_1_271' title='bbox 696 3428 743 3495; x_wconf 78' lang='grc' dir='ltr'><strong>τῆς</strong></span> <span class='ocrx_word' id='word_1_272' title='bbox 760 3430 912 3499; x_wconf 83' lang='grc' dir='ltr'><em>ὀρχήστρας,</em></span> <span class='ocrx_word' id='word_1_273' title='bbox 931 3434 957 3481; x_wconf 72' lang='grc' dir='ltr'><strong>ἐν</strong></span> <span class='ocrx_word' id='word_1_274' title='bbox 976 3420 991 3502; x_wconf 76' lang='grc' dir='ltr'><strong><em>ᾗ</em></strong></span> <span class='ocrx_word' id='word_1_275' title='bbox 1012 3429 1024 3480; x_wconf 79' lang='grc' dir='ltr'><strong>ὁ</strong></span> <span class='ocrx_word' id='word_1_276' title='bbox 1044 3431 1162 3488; x_wconf 83' lang='grc' dir='ltr'><em>Διόνυσος</em></span> <span class='ocrx_word' id='word_1_277' title='bbox 1180 3433 1253 3496; x_wconf 78' lang='grc' dir='ltr'><em>ε’νίβη</em></span> <span class='ocrx_word' id='word_1_278' title='bbox 1272 3450 1293 3479; x_wconf 78' lang='grc' dir='ltr'><em>ν.</em></span> <span class='ocrx_word' id='word_1_279' title='bbox 1312 3448 1336 3480; x_wconf 88' lang='grc' dir='ltr'><em>τ.</em></span> <span class='ocrx_word' id='word_1_280' title='bbox 1356 3428 1377 3480; x_wconf 91' lang='grc' dir='ltr'><strong>λ.</strong></span> <span class='ocrx_word' id='word_1_281' title='bbox 1412 3425 1509 3493; x_wconf 68' lang='lat' dir='ltr'><strong>Neque</strong></span> 
     </span>
    </p>
   </div>
   <div class='ocr_carea' id='block_1_5' title="bbox 351 3509 1592 3588">
    <p class='ocr_par' dir='ltr' id='par_1_8' title="bbox 351 3509 1592 3588">
     <span class='ocr_line' id='line_1_31' title="bbox 351 3509 1592 3588; baseline 0 -24"><span class='ocrx_word' id='word_1_282' title='bbox 351 3512 568 3567; x_wconf 78' lang='lat' dir='ltr'><strong>scholiastae</strong></span> <span class='ocrx_word' id='word_1_283' title='bbox 594 3513 634 3567; x_wconf 77' lang='lat' dir='ltr'><strong>ad</strong></span> <span class='ocrx_word' id='word_1_284' title='bbox 664 3514 773 3583; x_wconf 80' lang='lat' dir='ltr'><strong>Equit.</strong></span> <span class='ocrx_word' id='word_1_285' title='bbox 805 3533 828 3568; x_wconf 76' lang='lat' dir='ltr'><strong>V.</strong></span> <span class='ocrx_word' id='word_1_286' title='bbox 850 3518 900 3569; x_wconf 77' lang='grc'><strong>508</strong></span> <span class='ocrx_word' id='word_1_287' title='bbox 922 3517 1016 3570; x_wconf 78' lang='lat' dir='ltr'><strong>verba:</strong></span> <span class='ocrx_word' id='word_1_288' title='bbox 1049 3517 1137 3566; x_wconf 76' lang='grc' dir='ltr'><em>ἱστᾶσι</em></span> <span class='ocrx_word' id='word_1_289' title='bbox 1167 3517 1215 3575; x_wconf 66' lang='grc' dir='ltr'><strong>μέν</strong></span> <span class='ocrx_word' id='word_1_290' title='bbox 1243 3518 1374 3581; x_wconf 84' lang='grc' dir='ltr'><em>(χορευταί</em></span> <span class='ocrx_word' id='word_1_291' title='bbox 1395 3509 1508 3580; x_wconf 77' lang='lat' dir='ltr'><strong>scilicet)</strong></span> <span class='ocrx_word' id='word_1_292' title='bbox 1591 3585 1592 3588; x_wconf 7' lang='grc' dir='ltr'><strong>Ἰ</strong></span> 
     </span>
    </p>
   </div>
   <div class='ocr_carea' id='block_1_6' title="bbox 348 3599 1508 4540">
    <p class='ocr_par' dir='ltr' id='par_1_9' title="bbox 350 3599 1508 3842">
     <span class='ocr_line' id='line_1_32' title="bbox 350 3599 1508 3672; baseline -0.002 -23"><span class='ocrx_word' id='word_1_293' title='bbox 350 3599 399 3669; x_wconf 73' lang='grc' dir='ltr'><em>χεὶρ</em></span> <span class='ocrx_word' id='word_1_294' title='bbox 417 3600 482 3651; x_wconf 64' lang='lat' dir='ltr'><strong>auara*</strong></span> <span class='ocrx_word' id='word_1_295' title='bbox 507 3610 608 3665; x_wconf 82' lang='grc' dir='ltr'><em>στοῖχον</em></span> <span class='ocrx_word' id='word_1_296' title='bbox 631 3602 656 3650; x_wconf 81' lang='grc' dir='ltr'><em>οἱ</em></span> <span class='ocrx_word' id='word_1_297' title='bbox 678 3602 740 3671; x_wconf 80' lang='grc' dir='ltr'><em>πρὸς</em></span> <span class='ocrx_word' id='word_1_298' title='bbox 760 3605 807 3668; x_wconf 83' lang='grc' dir='ltr'><strong>τήν</strong></span> <span class='ocrx_word' id='word_1_299' title='bbox 827 3603 972 3672; x_wconf 74' lang='grc' dir='ltr'><em>ὀρχήστραν</em></span> <span class='ocrx_word' id='word_1_300' title='bbox 990 3604 1185 3666; x_wconf 75' lang='grc' dir='ltr'><em>ἀποβλέποντες.</em></span> <span class='ocrx_word' id='word_1_301' title='bbox 1221 3601 1282 3652; x_wconf 71' lang='grc' dir='ltr'><em>ὅταν</em></span> <span class='ocrx_word' id='word_1_302' title='bbox 1302 3601 1329 3652; x_wconf 74' lang='grc' dir='ltr'><strong>ὀί</strong></span> <span class='ocrx_word' id='word_1_303' title='bbox 1349 3602 1508 3669; x_wconf 82' lang='grc' dir='ltr'><em>παραβῶσιν,</em></span> 
     </span>
     <span class='ocr_line' id='line_1_33' title="bbox 351 3683 1508 3758; baseline -0.003 -19"><span class='ocrx_word' id='word_1_304' title='bbox 351 3688 435 3755; x_wconf 64' lang='grc' dir='ltr'><em>ἐφεξῆς</em></span> <span class='ocrx_word' id='word_1_305' title='bbox 458 3687 564 3746; x_wconf 72' lang='grc' dir='ltr'><em>ἑστῶτες</em></span> <span class='ocrx_word' id='word_1_306' title='bbox 586 3687 626 3737; x_wconf 68' lang='grc' dir='ltr'><strong>καὶ</strong></span> <span class='ocrx_word' id='word_1_307' title='bbox 650 3688 713 3758; x_wconf 78' lang='grc' dir='ltr'><em>πρὸς</em></span> <span class='ocrx_word' id='word_1_308' title='bbox 736 3690 798 3747; x_wconf 63' lang='grc' dir='ltr'><em>τούς</em></span> <span class='ocrx_word' id='word_1_309' title='bbox 815 3689 914 3746; x_wconf 72' lang='grc' dir='ltr'><em>θεατάς</em></span> <span class='ocrx_word' id='word_1_310' title='bbox 930 3691 1067 3750; x_wconf 73' lang='grc' dir='ltr'><em>βλέποντες</em></span> <span class='ocrx_word' id='word_1_311' title='bbox 1085 3690 1128 3739; x_wconf 88' lang='grc' dir='ltr'><strong>τόν</strong></span> <span class='ocrx_word' id='word_1_312' title='bbox 1147 3689 1219 3753; x_wconf 79' lang='grc' dir='ltr'><em>λόγον</em></span> <span class='ocrx_word' id='word_1_313' title='bbox 1235 3688 1367 3739; x_wconf 69' lang='grc' dir='ltr'><em>ποιοῦνται</em></span> <span class='ocrx_word' id='word_1_314' title='bbox 1382 3683 1508 3740; x_wconf 83' lang='lat' dir='ltr'><strong>Muelleri</strong></span> 
     </span>
     <span class='ocr_line' id='line_1_34' title="bbox 351 3773 719 3842; baseline 0.005 -16"><span class='ocrx_word' id='word_1_315' title='bbox 351 3774 502 3842; x_wconf 89' lang='lat' dir='ltr'><strong>opinionem</strong></span> <span class='ocrx_word' id='word_1_316' title='bbox 521 3773 586 3827; x_wconf 86' lang='lat' dir='ltr'><strong>satis</strong></span> <span class='ocrx_word' id='word_1_317' title='bbox 604 3774 719 3828; x_wconf 88' lang='lat' dir='ltr'><strong>firmant.</strong></span> 
     </span>
    </p>

    <p class='ocr_par' dir='ltr' id='par_1_10' title="bbox 348 3858 1507 4362">
     <span class='ocr_line' id='line_1_35' title="bbox 419 3858 1507 3930; baseline 0.001 -19"><span class='ocrx_word' id='word_1_318' title='bbox 419 3862 445 3927; x_wconf 78' lang='lat'><strong>2)</strong></span> <span class='ocrx_word' id='word_1_319' title='bbox 466 3858 753 3916; x_wconf 87' lang='lat' dir='ltr'><strong>Schoenbornius</strong></span> <span class='ocrx_word' id='word_1_320' title='bbox 771 3864 809 3930; x_wconf 86' lang='lat' dir='ltr'><strong>(p.</strong></span> <span class='ocrx_word' id='word_1_321' title='bbox 819 3862 955 3930; x_wconf 79' lang='lat' dir='ltr'><strong>334sqq.)‚</strong></span> <span class='ocrx_word' id='word_1_322' title='bbox 974 3862 1019 3928; x_wconf 82' lang='lat' dir='ltr'><strong>quii</strong></span> <span class='ocrx_word' id='word_1_323' title='bbox 1038 3877 1098 3915; x_wconf 88' lang='lat' dir='ltr'><strong>cum</strong></span> <span class='ocrx_word' id='word_1_324' title='bbox 1118 3859 1208 3914; x_wconf 90' lang='lat' dir='ltr'><strong>omnia</strong></span> <span class='ocrx_word' id='word_1_325' title='bbox 1223 3877 1344 3914; x_wconf 81' lang='lat' dir='ltr'><strong>cxversu</strong></span> <span class='ocrx_word' id='word_1_326' title='bbox 1357 3860 1405 3912; x_wconf 74' lang='lat'><strong>150</strong></span> <span class='ocrx_word' id='word_1_327' title='bbox 1422 3872 1507 3925; x_wconf 88' lang='lat' dir='ltr'><strong>usque</strong></span> 
     </span>
     <span class='ocr_line' id='line_1_36' title="bbox 351 3946 1506 4013; baseline -0.001 -14"><span class='ocrx_word' id='word_1_328' title='bbox 351 3946 385 4000; x_wconf 88' lang='lat' dir='ltr'><strong>ad</strong></span> <span class='ocrx_word' id='word_1_329' title='bbox 410 3963 515 4001; x_wconf 82' lang='lat' dir='ltr'><strong>versum</strong></span> <span class='ocrx_word' id='word_1_330' title='bbox 528 3946 579 4000; x_wconf 78' lang='lat'><strong>728</strong></span> <span class='ocrx_word' id='word_1_331' title='bbox 603 3948 630 4002; x_wconf 92' lang='lat' dir='ltr'><strong>in</strong></span> <span class='ocrx_word' id='word_1_332' title='bbox 651 3947 707 4002; x_wconf 87' lang='lat' dir='ltr'><strong>aito</strong></span> <span class='ocrx_word' id='word_1_333' title='bbox 734 3947 794 4001; x_wconf 88' lang='lat' dir='ltr'><strong>fieri</strong></span> <span class='ocrx_word' id='word_1_334' title='bbox 818 3948 970 4010; x_wconf 85' lang='lat' dir='ltr'><strong>arbitretur,</strong></span> <span class='ocrx_word' id='word_1_335' title='bbox 994 3963 1116 4001; x_wconf 83' lang='lat' dir='ltr'><strong>scaenam</strong></span> <span class='ocrx_word' id='word_1_336' title='bbox 1135 3947 1365 4002; x_wconf 87' lang='lat' dir='ltr'><strong>mutatamfuisse</strong></span> <span class='ocrx_word' id='word_1_337' title='bbox 1384 3947 1506 4013; x_wconf 72' lang='lat' dir='ltr'><strong>denegat,</strong></span> 
     </span>
     <span class='ocr_line' id='line_1_37' title="bbox 350 4032 1506 4103; baseline -0.004 -16"><span class='ocrx_word' id='word_1_338' title='bbox 350 4049 429 4099; x_wconf 86' lang='lat' dir='ltr'><strong>quem</strong></span> <span class='ocrx_word' id='word_1_339' title='bbox 453 4033 671 4102; x_wconf 88' lang='lat' dir='ltr'><strong>Droyscnius</strong></span> <span class='ocrx_word' id='word_1_340' title='bbox 695 4034 725 4098; x_wconf 84' lang='lat' dir='ltr'><strong>(l.</strong></span> <span class='ocrx_word' id='word_1_341' title='bbox 750 4035 766 4088; x_wconf 94' lang='lat' dir='ltr'><strong>l.</strong></span> <span class='ocrx_word' id='word_1_342' title='bbox 792 4052 818 4103; x_wconf 91' lang='lat' dir='ltr'><strong>p.</strong></span> <span class='ocrx_word' id='word_1_343' title='bbox 832 4036 865 4088; x_wconf 75' lang='lat' dir='ltr'><strong>te</strong></span> <span class='ocrx_word' id='word_1_344' title='bbox 889 4036 959 4103; x_wconf 77' lang='lat' dir='ltr'><strong>sqq.)</strong></span> <span class='ocrx_word' id='word_1_345' title='bbox 982 4034 1045 4087; x_wconf 86' lang='lat' dir='ltr'><strong>satis</strong></span> <span class='ocrx_word' id='word_1_346' title='bbox 1066 4033 1213 4101; x_wconf 82' lang='lat' dir='ltr'><strong>redarguit,</strong></span> <span class='ocrx_word' id='word_1_347' title='bbox 1234 4033 1278 4100; x_wconf 87' lang='lat' dir='ltr'><strong>qui</strong></span> <span class='ocrx_word' id='word_1_348' title='bbox 1297 4032 1408 4086; x_wconf 88' lang='lat' dir='ltr'><strong>eandem</strong></span> <span class='ocrx_word' id='word_1_349' title='bbox 1427 4046 1506 4099; x_wconf 86' lang='lat' dir='ltr'><strong>quam</strong></span> 
     </span>
     <span class='ocr_line' id='line_1_38' title="bbox 349 4117 1506 4190; baseline -0.003 -18"><span class='ocrx_word' id='word_1_350' title='bbox 349 4135 396 4173; x_wconf 89' lang='lat' dir='ltr'><strong>nos</strong></span> <span class='ocrx_word' id='word_1_351' title='bbox 416 4119 709 4187; x_wconf 87' lang='lat' dir='ltr'><strong>protulitsententiam.</strong></span> <span class='ocrx_word' id='word_1_352' title='bbox 745 4121 770 4174; x_wconf 92' lang='lat' dir='ltr'>N</span> <span class='ocrx_word' id='word_1_353' title='bbox 777 4119 937 4190; x_wconf 85' lang='lat' dir='ltr'><strong>iejahrus</strong></span> <span class='ocrx_word' id='word_1_354' title='bbox 962 4125 1076 4187; x_wconf 85' lang='lat' dir='ltr'><strong>(quaest.</strong></span> <span class='ocrx_word' id='word_1_355' title='bbox 1095 4118 1358 4186; x_wconf 86' lang='lat' dir='ltr'><strong>Aristophscaenic.</strong></span> <span class='ocrx_word' id='word_1_356' title='bbox 1374 4134 1400 4185; x_wconf 88' lang='lat' dir='ltr'><strong>p.</strong></span> <span class='ocrx_word' id='word_1_357' title='bbox 1412 4117 1442 4169; x_wconf 80' lang='lat'><strong>21</strong></span> <span class='ocrx_word' id='word_1_358' title='bbox 1455 4117 1506 4183; x_wconf 82' lang='lat' dir='ltr'><strong>sq.)</strong></span> 
     </span>
     <span class='ocr_line' id='line_1_39' title="bbox 349 4202 1506 4273; baseline -0.001 -15"><span class='ocrx_word' id='word_1_359' title='bbox 349 4206 413 4260; x_wconf 89' lang='lat' dir='ltr'><strong>satis</strong></span> <span class='ocrx_word' id='word_1_360' title='bbox 441 4206 570 4261; x_wconf 86' lang='lat' dir='ltr'><strong>audacter</strong></span> <span class='ocrx_word' id='word_1_361' title='bbox 593 4224 684 4262; x_wconf 83' lang='lat' dir='ltr'><strong>omncs</strong></span> <span class='ocrx_word' id='word_1_362' title='bbox 706 4223 748 4262; x_wconf 86' lang='lat' dir='ltr'><strong>res</strong></span> <span class='ocrx_word' id='word_1_363' title='bbox 767 4206 904 4262; x_wconf 86' lang='lat' dir='ltr'><strong>scaenicas</strong></span> <span class='ocrx_word' id='word_1_364' title='bbox 919 4213 1035 4260; x_wconf 86' lang='lat' dir='ltr'><strong>tractans</strong></span> <span class='ocrx_word' id='word_1_365' title='bbox 1054 4206 1105 4259; x_wconf 90' lang='lat' dir='ltr'><strong>hac</strong></span> <span class='ocrx_word' id='word_1_366' title='bbox 1123 4219 1228 4273; x_wconf 87' lang='lat' dir='ltr'><strong>quoquc</strong></span> <span class='ocrx_word' id='word_1_367' title='bbox 1246 4204 1274 4256; x_wconf 90' lang='lat' dir='ltr'><strong>in</strong></span> <span class='ocrx_word' id='word_1_368' title='bbox 1289 4202 1383 4258; x_wconf 83' lang='lat' dir='ltr'><strong>fabula</strong></span> <span class='ocrx_word' id='word_1_369' title='bbox 1401 4210 1506 4271; x_wconf 85' lang='lat' dir='ltr'><strong>specta·</strong></span> 
     </span>
     <span class='ocr_line' id='line_1_40' title="bbox 348 4291 1322 4362; baseline -0.001 -17"><span class='ocrx_word' id='word_1_370' title='bbox 348 4298 422 4347; x_wconf 87' lang='lat' dir='ltr'><strong>tores</strong></span> <span class='ocrx_word' id='word_1_371' title='bbox 441 4293 553 4348; x_wconf 87' lang='lat' dir='ltr'><strong>eandem</strong></span> <span class='ocrx_word' id='word_1_372' title='bbox 571 4310 698 4349; x_wconf 86' lang='lat' dir='ltr'><strong>scaenam</strong></span> <span class='ocrx_word' id='word_1_373' title='bbox 717 4310 824 4362; x_wconf 87' lang='lat' dir='ltr'><strong>semper</strong></span> <span class='ocrx_word' id='word_1_374' title='bbox 843 4302 903 4348; x_wconf 87' lang='lat' dir='ltr'><strong>ante</strong></span> <span class='ocrx_word' id='word_1_375' title='bbox 923 4293 1015 4347; x_wconf 87' lang='lat' dir='ltr'><strong>oculos</strong></span> <span class='ocrx_word' id='word_1_376' title='bbox 1033 4292 1159 4347; x_wconf 88' lang='lat' dir='ltr'><strong>habuisse</strong></span> <span class='ocrx_word' id='word_1_377' title='bbox 1178 4291 1322 4345; x_wconf 89' lang='lat' dir='ltr'><strong>contendit.</strong></span> 
     </span>
    </p>

    <p class='ocr_par' dir='ltr' id='par_1_11' title="bbox 350 4378 1505 4540">
     <span class='ocr_line' id='line_1_41' title="bbox 416 4378 1505 4445; baseline -0.003 -14"><span class='ocrx_word' id='word_1_378' title='bbox 416 4379 443 4445; x_wconf 85' lang='grc'><strong>3)</strong></span> <span class='ocrx_word' id='word_1_379' title='bbox 460 4381 583 4435; x_wconf 78' lang='lat' dir='ltr'><strong>conteras</strong></span> <span class='ocrx_word' id='word_1_380' title='bbox 601 4381 705 4435; x_wconf 90' lang='lat' dir='ltr'><strong>schol.</strong></span> <span class='ocrx_word' id='word_1_381' title='bbox 731 4381 837 4436; x_wconf 89' lang='lat' dir='ltr'><strong>codic.</strong></span> <span class='ocrx_word' id='word_1_382' title='bbox 858 4381 979 4436; x_wconf 84' lang='lat' dir='ltr'><strong>Rauen.</strong></span> <span class='ocrx_word' id='word_1_383' title='bbox 1005 4379 1039 4433; x_wconf 90' lang='lat' dir='ltr'><strong>ad</strong></span> <span class='ocrx_word' id='word_1_384' title='bbox 1063 4379 1158 4433; x_wconf 86' lang='lat' dir='ltr'><strong>verba:</strong></span> <span class='ocrx_word' id='word_1_385' title='bbox 1184 4381 1218 4437; x_wconf 72' lang='grc' dir='ltr'><em>εἰς</em></span> <span class='ocrx_word' id='word_1_386' title='bbox 1241 4385 1330 4439; x_wconf 65' lang='lat' dir='ltr'><strong>picam</strong></span> <span class='ocrx_word' id='word_1_387' title='bbox 1346 4378 1428 4443; x_wconf 69' lang='lat' dir='ltr'><strong>otyor:</strong></span> <span class='ocrx_word' id='word_1_388' title='bbox 1448 4378 1505 4435; x_wconf 70' lang='grc' dir='ltr'><strong>τούς</strong></span> 
     </span>
     <span class='ocr_line' id='line_1_42' title="bbox 350 4463 1504 4540; baseline 0.002 -25"><span class='ocrx_word' id='word_1_389' title='bbox 350 4468 447 4525; x_wconf 72' lang='grc' dir='ltr'><em>θεατάς</em></span> <span class='ocrx_word' id='word_1_390' title='bbox 464 4468 520 4534; x_wconf 62' lang='lat' dir='ltr'><strong>vird</strong></span> <span class='ocrx_word' id='word_1_391' title='bbox 528 4473 576 4530; x_wconf 81' lang='grc' dir='ltr'><em>βου</em></span> <span class='ocrx_word' id='word_1_392' title='bbox 584 4469 721 4540; x_wconf 58' lang='grc' dir='ltr'><em>λουτήριον.</em></span> <span class='ocrx_word' id='word_1_393' title='bbox 757 4468 831 4521; x_wconf 87' lang='lat' dir='ltr'><strong>Idem</strong></span> <span class='ocrx_word' id='word_1_394' title='bbox 850 4466 922 4534; x_wconf 83' lang='lat' dir='ltr'><strong>qrrod</strong></span> <span class='ocrx_word' id='word_1_395' title='bbox 931 4466 1007 4520; x_wconf 91' lang='lat' dir='ltr'><strong>nobis</strong></span> <span class='ocrx_word' id='word_1_396' title='bbox 1016 4465 1120 4532; x_wconf 78' lang='lat' dir='ltr'><strong>placuit</strong></span> <span class='ocrx_word' id='word_1_397' title='bbox 1137 4464 1162 4516; x_wconf 92' lang='lat' dir='ltr'>H</span> <span class='ocrx_word' id='word_1_398' title='bbox 1169 4463 1334 4532; x_wconf 87' lang='lat' dir='ltr'><strong>oepkcnio</strong></span> <span class='ocrx_word' id='word_1_399' title='bbox 1352 4464 1370 4517; x_wconf 87' lang='lat'><strong>1.</strong></span> <span class='ocrx_word' id='word_1_400' title='bbox 1381 4463 1504 4532; x_wconf 60' lang='grc' dir='ltr'><em>ορδερ.</em></span> 
     </span>
    </p>
   </div>
   <div class='ocr_carea' id='block_1_7' title="bbox 0 0 1618 5200">
    <p class='ocr_par' dir='ltr' id='par_1_12' title="bbox 0 0 1618 5200">
     <span class='ocr_line' id='line_1_43' title="bbox 0 0 1618 5200; baseline 0 3"><span class='ocrx_word' id='word_1_401' title='bbox 0 0 1618 5200; x_wconf 95' lang='lat' dir='ltr'><strong> </strong></span> 
     </span>
    </p>
   </div>
  </div>
 </body>
</html>
