3225 5200
822 1148 997 1309 vrrl.
1340 1286 1358 1315 ..

398 1458 488 1511 Natus
522 1475 583 1511 aum
615 1438 767 1512 Fridericua
796 1459 955 1514 Harzmann
980 1457 1058 1512 Halia
1082 1455 1218 1509 Saxonum
1240 1468 1263 1504 a.
1286 1452 1311 1505 d.
1336 1450 1401 1505 XIV
1427 1450 1492 1504 Kal.
1582 1464 1587 1481 ·

328 1543 501 1612 Septembres
525 1562 549 1598 a.
573 1545 599 1597 h.
623 1564 642 1599 a.
670 1544 744 1599 LXV
769 1548 849 1615 patre
872 1549 1008 1615 Augusto,
1033 1545 1122 1603 matre
1141 1539 1288 1593 Paulinae
1308 1542 1390 1606 gente
1407 1538 1494 1602 Senff,

329 1629 428 1697 quibua
457 1631 547 1683 adhuc
576 1630 732 1695 virentibus
763 1633 843 1687 raldo
868 1634 984 1702 gaudeo.
1020 1630 1113 1687 Fidem
1137 1626 1268 1697 profiteor
1291 1624 1492 1693 evangelicam.

328 1716 398 1769 Puer
421 1717 529 1787 saepius
552 1734 612 1770 cum
638 1717 799 1785 parentibus
818 1719 896 1772 sedes
914 1736 945 1771 ac
962 1715 1130 1770 domicilium
1151 1713 1264 1775 mutavi,
1283 1716 1316 1766 ut
1332 1712 1491 1765 litterarum

328 1802 464 1855 elementa
489 1804 520 1855 ‘in
546 1802 653 1871 oppidis
676 1800 802 1872 Liegnitz
827 1808 856 1857 et
881 1802 1055 1858 Gumbinnen
1077 1800 1206 1854 discerem
1229 1802 1321 1877 atque·
1337 1798 1493 1853 Oldenbur·

328 1889 406 1957 genai
429 1891 456 1943 et
474 1889 509 1941 ab
531 1906 603 1942 anno
627 1889 654 1941 h.
673 1906 693 1941 a.
710 1888 838 1943 LXXVII
863 1907 950 1957 usque
974 1890 1009 1943 ad
1027 1887 1165 1942 LXXXIV
1186 1885 1325 1939 Bremensi
1345 1886 1492 1954 gymnasio

329 1973 477 2042 discipulus
495 1975 625 2029 adessem.
660 1974 726 2028 Eius
744 1976 810 2028 anni
820 1979 954 2029 autumno
963 1974 1134 2028 maturitatis
1152 1972 1339 2026 testimouium
1350 1974 1492 2025 aaaecutus
1585 1982 1586 1989 ’

288 2123 291 2127 7
328 2061 525 2130 Erlangenaem
550 2059 718 2114 academiam
743 2062 810 2125 adii,
832 2062 879 2115 ubi
899 2063 926 2115 in
945 2060 1115 2132 philologiae
1132 2059 1256 2112 studium
1273 2058 1384 2112 incubui
1404 2062 1492 2126 atque

313 2147 428 2200 acholio
453 2146 668 2200 doctissimorum
695 2147 816 2200 uirorum
835 2147 855 2201 Ι.
874 2147 1009 2210 Muelleri,
1028 2145 1144 2210 Luchaii,
1163 2144 1353 2213 Steinmeyeri‚
1370 2142 1492 2197 Flaschii

329 2236 357 2287 et
377 2250 535 2303 perannum
547 2233 692 2287 seminario
711 2233 731 2287 l.
753 2234 877 2287 Muelleri
887 2233 988 2287 sodalis
998 2233 1119 2287 interfui.
1156 2232 1228 2285 Vere
1246 2249 1270 2284 a.
1285 2232 1311 2283 h.
1321 2249 1342 2283 a.
1351 2229 1491 2283 LXXXVI

334 2320 491 2374 Berolinum
510 2336 555 2374 me
577 2319 691 2385 contuli,
711 2320 757 2375 ubi
775 2320 906 2375 lectiones
925 2318 1099 2387 frequentavi
1118 2335 1186 2385 quas
1206 2317 1346 2371 habebant
1364 2316 1415 2369 riri
1435 2315 1490 2367 cla-

333 2406 433 2459 rissimi
451 2405 601 2468 Kirchhoff,
621 2406 756 2460 Iohannes
773 2402 906 2472 Schmidt,
924 2405 1068 2474 Roediger,
1087 2406 1242 2468 Schroeder‚
1260 2403 1356 2467 Zeller,
1368 2403 1492 2479 Dilthep,

329 2492 446 2555 Curtius,
470 2491 707 2560 Furthwaengler‚
731 2492 900 2563 Treitschlre‚
923 2492 1086 2554 Delbrueclr,
1105 2492 1213 2559 Aegidi,
1236 2492 1321 2545 Stein.
1358 2493 1437 2545 Anno
1462 2492 1504 2557 eb.

328 2596 376 2634 sex
393 2578 530 2634 mensibus
541 2579 837 2648 poatMarburgensem
855 2581 1024 2635 academiam
1041 2579 1107 2644 adii,
1125 2578 1173 2632 ubi
1192 2596 1239 2648 per
1258 2595 1359 2632 annum
1380 2579 1492 2636 eraditur

329 2669 358 2720 et
380 2665 529 2735 discipulus
553 2664 595 2717 fui
618 2665 836 2719 doctissimorum
863 2667 983 2721 virorum
1009 2665 1097 2728 Birta,
1120 2666 1195 2719 cuius
1213 2683 1345 2720 summam
1365 2683 1430 2734 ergo
1448 2684 1491 2719 ma

330 2751 481 2806 bonitatem
506 2767 612 2820 semper
638 2754 718 2820 grato
742 2751 835 2806 auimo
860 2753 999 2815 retinebo,
1024 2752 1151 2822 Leopoldi
1177 2752 1336 2819 Schmidtii,
1361 2751 1405 2808 cui
1431 2769 1491 2820 per·

330 2839 449 2891 multum
476 2839 576 2900 debeo,
602 2837 728 2903 Ochenii,
757 2840 884 2905 richelis,
909 2839 1022 2901 bucael,
1047 2838 1179 2902 Stoachfi,
1206 2845 1232 2892 et
1250 2838 1403 2892 seminariis
1422 2838 1490 2892 affui

330 2923 482 2978 rectoribus
511 2923 670 2989 Schmidtio,
703 2925 798 2988 Bittio,
832 2926 947 2990 lincaeo
978 2926 1181 2993 quibusquam
1205 2925 1340 2978 maximas
1364 2929 1402 2979 et'
1417 2942 1490 2977 nuuc
1584 2921 1585 2952 ³

329 3009 417 3062 habeo
436 3009 541 3078 gratiae
560 3011 589 3063 et
605 3027 711 3082 semper
730 3012 837 3066 habebo
