3225 5200
864 491 904 553 42

304 666 454 732 declarari
482 671 596 748 potest,
627 686 686 748 quo
712 666 827 732 iactum
857 670 907 743 sit¹
936 668 1111 732 utmilites
1136 665 1247 732 chorici
1275 666 1465 748 procedente
1517 719 1521 730 .

303 766 409 832 fabulo
429 765 527 832 Ulixis
557 768 686 833 consilia
718 787 777 832 nou
810 770 965 848 ignorent,
994 769 1053 832 nisi
1082 785 1136 832 eos
1168 767 1259 831 simul
1281 775 1375 847 atque
1396 767 1464 830 illos

303 868 429 933 ineunte
449 865 611 947 tragoedia
628 867 658 930 in
681 868 873 933 orchestram
895 868 1052 932 introiisse
1074 872 1252 931 statuamus
1262 868 1299 949 ¹).

385 983 505 1047 Similia
528 984 664 1050 invenias
688 985 718 1049 in
741 984 850 1049 Plati
871 1005 899 1048 v.
914 988 972 1048 253
995 1003 1057 1065 quo
1082 984 1193 1048 Carion
1212 983 1346 1062 chorum,
1373 1001 1465 1063 quem

303 1103 340 1148 ea
360 1084 445 1163 agris
471 1101 540 1148 eum
561 1101 721 1149 arcessere
747 1085 839 1149 iussit
861 1084 1046 1166 Chremylus
1069 1084 1110 1164 (v.
1132 1085 1191 1148 202
1216 1084 1285 1165 sq.),
1312 1096 1370 1164 per
1392 1084 1465 1147 dex-

304 1190 383 1248 tram
420 1181 571 1263 parodum
608 1183 640 1246 in
675 1184 864 1249 orchestram
900 1182 1060 1266 inducia).
1112 1182 1204 1247 Hunc
1239 1183 1323 1249 chori
1358 1190 1465 1265 pantes

305 1291 449 1365 agentem
479 1281 604 1348 ridicule
627 1282 716 1363 fingit
745 1291 838 1366 poeta
867 1302 895 1348 v.
913 1288 975 1348 290
1002 1302 1061 1364 quo
1088 1302 1157 1349 curn
1181 1284 1356 1364 loquentem
1376 1283 1464 1349 facit:

426 1382 563 1470 καὶμὴν
584 1384 643 1465 ἐγώ
664 1383 866 1471 βουλήσομαι
888 1383 1088 1467 θρεττανελὸ
1109 1384 1167 1447 τὸν
1188 1383 1351 1447 Κύκλωπα

427 1484 623 1566 μιμούμενος
641 1486 694 1547 καὶ
705 1489 776 1548 τοῖν
799 1487 917 1555 nadair
926 1483 986 1546 aaut
997 1481 1252 1567 reparacterico
1273 1481 1457 1565 ῠμᾱςὲέγειν

306 1584 384 1648 Tum
407 1586 448 1666 (v.
467 1585 539 1666 318)
569 1585 682 1650 Carion
705 1585 825 1666 logeum
843 1585 982 1650 ascendit
1004 1591 1036 1648 et
1057 1587 1088 1648 in
1111 1585 1234 1649 domum
1258 1585 1409 1661 Chrcmyli
1431 1603 1465 1649 se

305 1683 436 1749 confert.

387 1784 422 1848 ln
459 1782 851 1849 Ecclesiazusarum
887 1802 915 1847 v.
940 1783 1002 1847 478
1038 1783 1251 1864 Praxagoram
1281 1804 1349 1850 cum
1380 1785 1466 1849 chori

304 1884 480 1948 mulieribus
508 1902 564 1964 per
592 1882 732 1947 dextram
761 1883 913 1963 parodum
939 1902 956 1948 e
984 1884 1127 1948 contione
1156 1885 1284 1949 rediisse
1314 1887 1380 1965 ipsa
1414 1904 1465 1949 rcs

244 2058 247 2064 Ι
305 1982 407 2062 docet3
430 1982 562 2047 eandem
584 1983 684 2046 v.514
707 1981 829 2063 logeum
851 1983 1026 2047 ascendisse
1048 1991 1097 2047 est
1115 1993 1365 2049 consentaneum.

387 2082 503 2146 Eadem
527 2082 565 2145 de
587 2099 679 2146 causa
702 2079 850 2146 Creusam
871 2083 902 2145 in
924 2082 1018 2146 Ione
1044 2101 1100 2163 per
1113 2084 1271 2147 sinistram
1293 2084 1465 2148 induxerim

237 2172 240 2177 ’
303 2182 463 2264 parodum,
486 2182 558 2263 quia
576 2200 658 2264 quae
680 2181 767 2247 chori
788 2193 895 2264 partes
917 2191 1073 2262 peragunt
1087 2183 1246 2247 ministrae
1262 2183 1346 2248 illam
1368 2203 1395 2249 v.
1410 2190 1465 2249 185

305 2281 413 2346 eadem
435 2283 484 2346 via
506 2274 702 2348 antecedunt.
746 2285 791 2347 Ac
814 2301 852 2346 ne
874 2282 1040 2347 infirmiore
1062 2290 1246 2362 argumento
1274 2301 1372 2347 meam
1395 2303 1466 2348 sen·

305 2383 434 2446 tentiam
473 2384 672 2464 comprobare
707 2383 823 2462 videar,
855 2402 915 2447 non
949 2384 1090 2446 omittam
1121 2382 1283 2463 Creusam,
1315 2402 1394 2464 quae
1425 2385 1465 2447 nd

304 2483 449 2563 templum
475 2482 625 2565 Apollinis
666 2484 751 2563 quod
789 2484 820 2546 in
860 2501 974 2547 scaena
1007 2488 1200 2564 spectatores
1236 2484 1468 2564 conspiciebant

304 2582 441 2664 Delphos
461 2602 590 2666 peregre
609 2582 764 2664 adveniat,
791 2584 852 2647 iarn
875 2602 903 2648 v.
925 2585 984 2647 245
1006 2601 1025 2646 a
1047 2581 1139 2647 choro
1161 2582 1228 2647 Ioni
1250 2585 1302 2664 qui
1324 2585 1353 2648 ln
1376 2583 1466 2665 logeo

306 2690 449 2748 versatur
471 2685 639 2749 nominari:

426 2783 598 2868 παρούσας
617 2785 646 2847 δ’
669 2785 757 2867 α’μᾳὶ
779 2784 852 2867 τᾷδ’
875 2784 1003 2867 ἐρωτᾷς.

304 2884 407 2964 Atque
435 2884 520 2950 illam
549 2885 710 2966 paullatim
740 2890 863 2950 tantum
892 2883 981 2963 logan
1010 2889 1044 2947 et
1070 2884 1137 2949 Ioni
1158 2885 1409 2966 appropinquare
1428 2903 1466 2948 eo

305 2986 383 3048 satis
406 2984 518 3065 elucet,
540 2986 621 3068 quod
643 2986 774 3067 primum
796 2983 919 3065 quidem
942 2983 997 3047 lou
1019 2983 1189 3048 intrantem
1212 2983 1360 3048 Creusam
1383 2983 1467 3050 hisae

305 3085 491 3166 alloquitur:

425 3184 608 3268 γενναιότης
632 3204 683 3248 σοι
705 3186 759 3247 καὶ
779 3181 912 3266 τρόπων
932 3181 1103 3269 τεκμήριον

424 3286 462 3348 τὸ
485 3289 579 3368 σχῆμ’
603 3287 682 3366 ἔχεις
702 3285 782 3364 τόδ’,
801 3282 867 3371 ἥτις
888 3276 921 3347 εἶ
940 3287 1024 3361 ποτ’,
1048 3273 1185 3364 ὦγύναι

305 3384 437 3466 aliisque
454 3404 510 3466 per
530 3392 679 3466 quattuor
701 3404 810 3451 versus
831 3384 898 3467 (vv.
910 3386 1038 3466 246-49)
1062 3384 1172 3462 verbis,
1197 3389 1229 3446 et
1248 3389 1313 3446 turn
1335 3381 1468 3464 denique

306 3504 374 3549 cum
396 3486 523 3567 propius
546 3485 636 3549 adest
659 3487 818 3566 magisque
840 3487 870 3549 in
892 3492 1089 3566 conspectum
1109 3484 1194 3548 venit
1216 3484 1334 3564 pergit:

375 3718 401 3784 1)
425 3718 548 3772 conferas
572 3717 655 3772 velim
680 3717 731 3772 viri
756 3719 908 3774 doctissimi
934 3716 1103 3787 Leopoldi
1122 3713 1309 3770 Schmidtii
1335 3712 1418 3766 verba
1438 3711 1468 3764 in

306 3802 437 3872 disputat.
464 3804 498 3858 da
524 3804 620 3873 paradi
643 3805 673 3859 ia
696 3807 819 3876 tragoed.
845 3807 940 3861 Graec.
971 3806 1083 3858 notione
1112 3803 1234 3872 (Bonnae
1260 3801 1336 3867 1855)
1361 3816 1421 3867 pag.
1433 3799 1467 3851 27

306 3888 388 3942 haec:
408 3892 535 3945 »charum
560 3893 630 3945 enim
657 3908 734 3960 quem
757 3892 790 3947 ab
814 3895 895 3948 initio
921 3891 1145 3953 aromaticam
1163 3890 1268 3943 domini
1285 3885 1468 3957 procederent,

305 3975 425 4029 nondam
443 3977 481 4030 acl
500 3977 617 4032 mediam
643 3980 808 4033 orchestram
833 3980 984 4048 prodiisse,
1010 3978 1057 4032 aed
1078 3995 1096 4031 a
1119 3977 1220 4031 theatri
1236 3977 1320 4029 latere
1337 3974 1469 4026 rnansiaae

305 4069 520 4126 consentaneam,
545 4066 616 4118 inter
639 4065 722 4119 halaa
749 4067 879 4134 colloquii
900 4064 981 4119 verda
1006 4081 1089 4132 uagae
1113 4063 1151 4116 ad
1174 4062 1342 4116 Philoctetae
1359 4063 1469 4112 antrum

306 4148 425 4203 adducit
444 4150 638 4220 Neoptolemus
656 4153 687 4206 ira
706 4153 785 4207 cuiue
802 4155 916 4221 speciem
933 4152 1024 4206 media
1039 4157 1124 4219 porta
1141 4155 1181 4203 eet
1197 4148 1360 4201 adornata«,

374 4235 402 4303 2)
427 4234 711 4292 Schoeabornius
735 4241 771 4309 (p.
790 4239 852 4306 296)
878 4237 1018 4292 Cariouem
1043 4253 1105 4289 cum
1130 4235 1213 4289 choro
1237 4232 1266 4285 in
1291 4231 1401 4300 logeum
1426 4230 1468 4283 in·

307 4319 391 4378 ducit.
427 4322 577 4379 Nobiscum
596 4324 732 4379 consentit
756 4324 926 4378 Alberlus
943 4322 1139 4376 Muellerus
1157 4321 1174 4373 l.
1194 4320 1211 4373 l.
1231 4339 1256 4389 p.
1272 4319 1329 4372 164.
