3225 5200
829 450 848 511 6

260 648 350 711 quem
361 628 441 708 fugit
460 627 623 709 perpaucis
645 633 766 692 tantum
786 627 861 692 locis
883 626 1080 711 προσκήνιον
1098 645 1155 708 pro
1173 642 1304 690 scaenae
1312 624 1417 689 fronte

166 725 168 729 ’
260 729 343 810 opud
360 735 482 792 veteres
501 728 667 809 scriptores
679 727 705 809 ¹)
729 728 870 804 inveniri,
894 728 975 809 quod
999 728 1095 791 multo
1118 726 1242 806 saepius
1263 724 1302 788 ad
1316 725 1416 804 ipsum

260 846 390 893 scaenae
417 827 571 908 pulpitum
598 827 648 891 vel
675 827 798 907 iogeum
840 826 1077 907 significandum
1106 830 1281 905 usurpetur.
1325 822 1420 886 Cuius

261 926 305 990 rei
343 925 537 1002 testimoniis,
574 943 704 1005 quorum
739 926 875 1005 quinque
908 924 1000 989 affert
1028 924 1177 989 Albortus
1206 921 1373 987 Muellerus
1383 923 1420 999 2),

260 1022 412 1087 Athenaei
442 1021 610 1086 mechanici
639 1022 676 1085 de
703 1022 888 1102 machinis³l
920 1022 1031 1085 addam
1059 1021 1141 1086 hunc
1170 1022 1286 1084 locum:
1307 1038 1420 1082 κατεσ·

246 1118 405 1183 -κεύασαν
424 1119 464 1181 δέ
481 1130 564 1192 τινος
590 1120 626 1182 ἐν
654 1120 822 1203 πολιορκίᾳ
843 1118 1006 1200 κλιμάκων
1027 1128 1100 1202 γένη
1117 1117 1334 1202 παραπλήσια
1355 1122 1422 1189 τοῖς

261 1223 444 1298 τιθεμένοις
465 1218 588 1290 ἐν’τοῖς
609 1216 762 1297 θεάτροις
782 1220 864 1297 πρὸς
884 1217 926 1279 τοὶ
950 1217 1132 1301 προσκήνια
1152 1221 1219 1290 τοῖς
1233 1216 1421 1296 ὑποκριταῖς

261 1324 356 1396 atque
378 1314 454 1379 haec
470 1314 567 1378 verba
586 1315 626 1378 ad
648 1316 759 1396 scalas,
781 1333 859 1397 quae
877 1332 915 1378 ex
933 1314 1092 1379 orchestra
1115 1316 1144 1378 in
1165 1316 1288 1395 logeum'
1305 1315 1420 1378 aditum

261 1413 503 1496 praebebant4),
531 1419 672 1495 spectare
700 1413 868 1478 Goriofredi
898 1413 1104 1496 Hermanni⁵)
1133 1415 1321 1478 anctoritate
1348 1413 1420 1478 freti

331 1581 357 1648 l)
375 1581 502 1634 Sui'das
528 1597 548 1634 S.
568 1599 592 1635 v.
617 1583 775 1650 προσκήνιον·
794 1584 824 1633 τὸ
848 1583 898 1655 πρὸ
924 1582 970 1650 τῆς
997 1582 1087 1649 σκηνῆς
1111 1587 1302 1650 παραπέτασμα
1329 1583 1420 1650 (quem
1529 1597 1532 1601 '

262 1665 370 1735 Polybii
395 1666 479 1720 verba
505 1682 574 1733 quae
601 1665 689 1718 addit:
715 1665 731 1733 ἡ
751 1667 778 1718 dd
801 1669 869 1735 τύχη
888 1669 1058 1736 παρνλκομίνη
1083 1668 1129 1735 τήν
1154 1674 1279 1738 πρόφασιν
1302 1669 1421 1735 καθάπερ

262 1753 305 1803 ἐπὶ
328 1753 477 1819 προσκήνιον
502 1752 682 1819 παρνγιῖμνοισε
706 1754 753 1810 τοὶς
770 1753 877 1820 ἀληθεῖς
896 1757 1007 1811 ἐπινοίας
1032 1751 1101 1805 falso
1127 1750 1224 1805 citasse
1246 1750 1421 1805 Albertus

262 1834 464 1890 Muellerus
490 1836 508 1889 l.
526 1836 544 1888 l.
563 1854 589 1905 p.
609 1837 644 1889 54
670 1835 698 1888 in
719 1837 782 1892 adn.
810 1837 877 1891 satis
904 1837 1111 1906 comprobavit).
1146 1837 1271 1891 Athen.
1287 1836 1363 1900 XllI,
1388 1838 1419 1889 51

262 1939 288 1989 p.
307 1920 396 1974 587b:
411 1922 563 2004 Ἀντιφάνης
583 1922 604 1971 δ’
623 1924 650 1972 ἐν
670 1920 707 1989 τῷ
731 1924 789 1990 περὶ
809 1920 924 1991 ἑταιρῶν·
950 1924 1113 1992 »προσκήνιον
1133 1923 1227 1991 (φησὶν)
1246 1919 1422 1986 intrabitur}

262 2005 389 2068 Νάννιον,
416 2005 454 2055 ὅτι
477 2010 611 2076 πρόσωπόν
634 2027 662 2058 τε
680 2007 779 2058 durator
797 2000 848 2071 οἶχε
867 2008 908 2057 nai
925 2005 1019 2075 ἐχρῆτο
1037 2012 1148 2071 χρυσίοις
1163 2009 1203 2056 καὶ
1221 2008 1329 2067 ἱματίοις
1346 2008 1420 2057 arcir-

262 2088 351 2151 τέλεσι,
370 2089 462 2140 ἐκδῦσα
481 2091 508 2141 di
526 2080 558 2158 ἦν
577 2091 759 2159 αἰσχροτάτηι,
792 2090 867 2145 Idem
881 2091 936 2144 fere
949 2091 1064 2144 tradunt
1082 2089 1206 2144 Suidas
1225 2092 1254 2144 eli
1271 2090 1422 2145 Phobius

262 2189 281 2224 s.
298 2189 323 2224 r.
343 2172 465 2226 Νάννιον.
500 2174 679 2229 Grammatiei
700 2174 841 2229 cuiusdam
865 2174 893 2225 in
919 2174 1067 2228 Cramer.
1086 2177 1180 2230 anecd.
1199 2174 1312 2229 Parisin.
1330 2176 1384 2229 vol.
1400 2177 1422 2238 Ι,

262 2272 288 2322 p.
309 2256 343 2308 19
365 2257 455 2310 verbis
480 2276 557 2327 quaer
571 2259 652 2314 affert
670 2256 895 2312 Wieselerus
931 2257 969 2325 (in
988 2259 1080 2313 Ersch.
1106 2263 1134 2313 et
1153 2258 1237 2313 Grub.
1254 2259 1272 2313 l.
1290 2259 1308 2312 l.
1324 2275 1351 2327 p.
1371 2260 1422 2313 216

263 2340 325 2392 adn.
345 2340 392 2408 72)
420 2347 614 2410 argumentum
639 2345 727 2399 inesse
754 2343 901 2397 concedere
926 2360 981 2396 non
1007 2359 1130 2411 possum,
1162 2361 1225 2397 cum
1249 2343 1350 2396 multas
1374 2343 1422 2398 ille

262 2440 376 2477 scaenae
393 2430 485 2492 partes
495 2427 690 2496 machinasque
702 2428 813 2482 confuse
832 2431 860 2482 et
878 2428 1012 2496 permixte
1023 2430 1139 2481 enarret.
1166 2429 1263 2494 Neque
1281 2427 1422 2481 Alberto

263 2507 348 2561 Muel
356 2509 424 2562 lero
436 2509 457 2577 (l
472 2510 489 2563 l.
498 2529 524 2579 p.
535 2513 567 2564 54
576 2512 637 2566 adn.
646 2513 673 2580 3)
685 2513 826 2575 assentiar,
835 2513 1051 2580 Plut.Lycnrg.6
1061 2511 1155 2566 verba:
1169 2513 1230 2563 isar
1242 2514 1277 2570 οἷς
1286 2512 1423 2576 ἀγάλματα

262 2593 302 2643 καὶ
324 2595 422 2663 ypapa'p
444 2594 462 2664 ἦ
478 2598 617 2667 προσκήνιον
641 2600 759 2670 θεάτρων
783 2598 801 2665 ἢ
820 2604 910 2663 στέγας
928 2597 1111 2665 βονλειπηρίοιν
1135 2598 1275 2663 ἠσκημένας
1299 2597 1424 2665 πιριττῶς

262 2676 457 2744 ἐκκλησιάζοντες
479 2681 658 2745 ιίποβλίπονσιν
682 2684 716 2736 ad
738 2682 856 2736 frontem
876 2697 987 2737 scaenae
1005 2682 1136 2749 spectare,
1161 2698 1222 2735 cum
1240 2680 1365 2748 equidem
1381 2680 1423 2733 in·
1468 2738 1470 2741 Α

197 2769 200 2776 ’
263 2761 395 2829 tellegere
416 2781 469 2817 non
490 2766 603 2834 possim,
627 2784 746 2834 quanam
767 2766 900 2820 decanea
919 2766 987 2820 talia
1005 2769 1167 2819 ornamenta
1190 2765 1225 2817 iis
1251 2766 1421 2818 theatrorum

262 2844 415 2901 tribuamus
433 2849 498 2903 locis
528 2868 599 2917 quoe
617 2854 803 2919 spectatorum
824 2850 909 2904 oculis
933 2866 1038 2917 semper
1062 2849 1117 2903 fere
1140 2853 1278 2918 apparatu
1299 2850 1423 2904 scaenico

263 2930 373 2985 obtecta
388 2934 575 2988 remanebant.
605 2938 694 3004 Atque
706 2936 842 2990 Athenaei
859 2936 935 2989 locus
948 2952 1028 3003 quem
1042 2934 1122 2987 modo
1140 2933 1284 2987 attulimus
1302 2938 1422 2989 nostram

264 3012 419 3082 opinionem
439 3017 544 3085 optime
563 3018 693 3072 illustrat.
724 3019 799 3074 idem
818 3023 938 3074 statuam
959 3021 992 3074 de
1010 3018 1123 3073 (lodic.
1143 3018 1266 3071 Theod.
1285 3017 1344 3081 XV,
1356 3022 1379 3081 7,
1391 3019 1423 3071 12

265 3096 361 3160 verbis,
388 3116 460 3166 quae
484 3118 517 3154 ex
542 3102 684 3156 Alberti
709 3103 877 3158 Muelleri
902 3103 972 3157 libro
997 3107 1037 3171 (p.
1057 3103 1090 3155 54
1108 3120 1146 3170 sq.
1165 3101 1228 3154 adn.
1246 3102 1276 3169 3)
1300 3106 1423 3171 repetere

263 3197 493 3249 supervacaneum
510 3188 558 3239 est.

332 3268 358 3337 2)
376 3268 421 3321 l.l.
440 3288 465 3339 p.
479 3272 512 3324 54
530 3271 632 3326 adai:
650 3270 751 3339 Apul.
773 3273 865 3328 utor.
882 3277 912 3329 18
930 3293 956 3343 p.
966 3275 1034 3340 28,5
1054 3273 1105 3327 Kr:
1120 3273 1278 3342 proscaenii
1296 3272 1424 3327 contabu-

263 3352 340 3406 latio.
359 3353 499 3419 ¹Vitruu.
514 3356 547 3417 V,
559 3359 582 3420 6,
597 3360 624 3410 l:
639 3361 797 3426 proscaenii
813 3361 954 3429 pulpitum
960 3382 970 3428 ;
985 3361 1018 3425 V,
1028 3360 1052 3425 8,
1069 3363 1095 3412 l:
1109 3359 1204 3427 finitio
1220 3356 1378 3428 proscaenii
1396 3362 1425 3412 et

263 3442 420 3506 proscaenii
438 3458 451 3494 e
468 3444 582 3511 repione.
618 3443 710 3498 Serv.
726 3446 767 3498 ad
783 3445 881 3516 Verg.
896 3447 1021 3517 Georg.
1030 3447 1064 3510 ΙΙ,
1074 3447 1138 3499 381:
1153 3447 1317 3514 proscaenia
1334 3451 1425 3499 aniene

264 3531 327 3579 sunt
346 3528 459 3595 pulpita
483 3536 546 3582 ante
570 3547 694 3584 scaenam
714 3572 826 3587 .....
844 3533 916 3587 idem
937 3532 1108 3586 affert‘Vel.
1127 3532 1230 3600 Long.
1248 3530 1282 3584 de
1301 3530 1423 3606 orthogr.

264 3628 290 3680 p.
305 3612 371 3665 2245
391 3613 419 3666 P.
1089 3639 1092 3646 ’

332 3697 360 3767 3)
378 3698 406 3750 in
432 3698 523 3754 Vett.
548 3702 707 3774 Mathem.
732 3705 889 3772 opuscul.
916 3705 1031 3758 Parisin.
1058 3706 1124 3759 1693
1141 3706 1290 3760 Thevenot.
1310 3707 1351 3761 ed.
1372 3707 1423 3775 p.8

333 3786 359 3850 4)
386 3784 420 3837 cf.
445 3785 575 3855 Ploliuc.
611 3787 658 3853 IV,
670 3789 731 3842 127:
756 3792 910 3850 εἰσελθόντες
932 3794 959 3842 di
982 3792 1046 3843 καταΙ
1069 3794 1118 3860 τήν
1141 3794 1285 3862 ὀρχήστραν
1308 3795 1352 3845 ἐπὶ
1375 3796 1423 3859 τήν

265 3870 357 3937 σκηνήν
381 3872 548 3933 ἀναβαίνουσι
567 3875 609 3927 δια
634 3877 765 3934 κλιμάκιον.
792 3877 1093 3932 Schoenbornium
1113 3878 1167 3944 (die
1185 3878 1273 3933 Skene
1292 3879 1340 3932 der
1360 3878 1424 3933 Hel·
1480 3924 1484 3933 .

265 3953 621 4028 lenenheipn.1858p.75)
641 3961 712 4015 falso
728 3963 820 4030 plures
839 3982 894 4018 una
911 3964 1032 4033 posuisse
1049 3964 1266 4018 Wieseierus
1283 3964 1313 4017 in
1330 3964 1423 4033 <lispu-

158 4113 165 4122 ἢ
264 4040 372 4094 tatione
397 4059 447 4096 sna
471 4044 504 4098 de
529 4043 729 4100 difficilioribus
748 4049 873 4116 quibusd.
894 4050 1037 4105 Pollucis.
1061 4050 1176 4105 ..loeis
1192 4050 1328 4119 (Gotting.
1349 4051 1423 4114 isos,

265 4144 290 4195 p.
304 4126 342 4190 14,
361 4127 424 4181 adn.
447 4130 488 4196 14)
507 4130 574 4184 sutis
594 4133 790 4200 comprobavit.

333 4212 360 4281 b)
377 4212 406 4265 in
430 4231 516 4269 neue
542 4217 639 4271 Jona.
661 4218 950 4276 Litteraturzeit.
974 4223 1039 4275 1843
1057 4241 1097 4275 nr.
1114 4223 1161 4275 147
1180 4240 1206 4291 p.
1225 4222 1284 4275 600.
1319 4221 1424 4274 Tamen

265 4313 320 4350 non
347 4298 491 4353 concedam
517 4300 575 4354 viro
600 4302 757 4358 doctissimo
783 4307 961 4376 indiligenter
986 4307 1161 4362 Athenaeum
1186 4308 1219 4360 de
1244 4306 1423 4361 histrionibus
