<?xml version="1.0" encoding="UTF-8"?>
<!DOCTYPE html PUBLIC "-//W3C//DTD XHTML 1.0 Transitional//EN"
    "http://www.w3.org/TR/xhtml1/DTD/xhtml1-transitional.dtd">
<html xmlns="http://www.w3.org/1999/xhtml" xml:lang="en" lang="en">
 <head>
  <title>
</title>
<meta http-equiv="Content-Type" content="text/html;charset=utf-8" />
  <meta name='ocr-system' content='tesseract 3.04.00' />
  <meta name='ocr-capabilities' content='ocr_page ocr_carea ocr_par ocr_line ocrx_word'/>
</head>
<body>
  <div class='ocr_page' id='page_1' title='image "./quaestionesscae00harzgoog_0034.png"; bbox 0 0 3225 5200; ppageno 0'>
   <div class='ocr_carea' id='block_1_1' title="bbox 889 485 929 547">
    <p class='ocr_par' dir='ltr' id='par_1_1' title="bbox 889 485 929 547">
     <span class='ocr_line' id='line_1_1' title="bbox 889 485 929 547; baseline 0 -1"><span class='ocrx_word' id='word_1_1' title='bbox 889 485 929 547; x_wconf 68' lang='grc' dir='ltr'>λδ</span> 
     </span>
    </p>
   </div>
   <div class='ocr_carea' id='block_1_2' title="bbox 274 663 1487 1528">
    <p class='ocr_par' dir='ltr' id='par_1_2' title="bbox 274 663 1487 1528">
     <span class='ocr_line' id='line_1_2' title="bbox 274 663 1485 752; baseline -0.005 -22"><span class='ocrx_word' id='word_1_2' title='bbox 274 665 280 676; x_wconf 77' lang='grc'><strong><em>’</em></strong></span> <span class='ocrx_word' id='word_1_3' title='bbox 327 666 395 732; x_wconf 85' lang='lat' dir='ltr'>loeo</span> <span class='ocrx_word' id='word_1_4' title='bbox 421 666 478 729; x_wconf 80' lang='grc' dir='ltr'>ἐπὶ</span> <span class='ocrx_word' id='word_1_5' title='bbox 506 667 562 752; x_wconf 77' lang='grc' dir='ltr'>τῆς</span> <span class='ocrx_word' id='word_1_6' title='bbox 589 663 733 746; x_wconf 72' lang='grc' dir='ltr'><strong><em>θυμέλης</em></strong></span> <span class='ocrx_word' id='word_1_7' title='bbox 761 680 822 727; x_wconf 91' lang='lat' dir='ltr'>non</span> <span class='ocrx_word' id='word_1_8' title='bbox 851 664 886 726; x_wconf 82' lang='lat' dir='ltr'>io</span> <span class='ocrx_word' id='word_1_9' title='bbox 916 663 1047 746; x_wconf 78' lang='lat' dir='ltr'>thyoocle</span> <span class='ocrx_word' id='word_1_10' title='bbox 1073 663 1126 727; x_wconf 88' lang='lat' dir='ltr'>sed</span> <span class='ocrx_word' id='word_1_11' title='bbox 1152 680 1254 743; x_wconf 81' lang='lat' dir='ltr'><strong><em>prope</em></strong></span> <span class='ocrx_word' id='word_1_12' title='bbox 1280 665 1400 745; x_wconf 76' lang='lat' dir='ltr'>loycam</span> <span class='ocrx_word' id='word_1_13' title='bbox 1420 682 1485 726; x_wconf 87' lang='lat' dir='ltr'>ver-</span> 
     </span>
     <span class='ocr_line' id='line_1_3' title="bbox 329 761 1486 845; baseline -0.005 -13"><span class='ocrx_word' id='word_1_14' title='bbox 329 767 454 832; x_wconf 87' lang='lat' dir='ltr'>tendum</span> <span class='ocrx_word' id='word_1_15' title='bbox 481 784 567 845; x_wconf 86' lang='lat' dir='ltr'>esse,</span> <span class='ocrx_word' id='word_1_16' title='bbox 596 782 690 844; x_wconf 89' lang='lat' dir='ltr'>quam</span> <span class='ocrx_word' id='word_1_17' title='bbox 712 764 887 845; x_wconf 81' lang='lat' dir='ltr'>opinionem</span> <span class='ocrx_word' id='word_1_18' title='bbox 908 764 1030 844; x_wconf 82' lang='lat' dir='ltr'>pictura</span> <span class='ocrx_word' id='word_1_19' title='bbox 1052 761 1207 843; x_wconf 80' lang='lat' dir='ltr'>quaedam</span> <span class='ocrx_word' id='word_1_20' title='bbox 1227 761 1258 823; x_wconf 92' lang='lat' dir='ltr'>in</span> <span class='ocrx_word' id='word_1_21' title='bbox 1280 762 1486 843; x_wconf 80' lang='lat' dir='ltr'>Pompeianae</span> 
     </span>
     <span class='ocr_line' id='line_1_4' title="bbox 327 861 1486 948; baseline -0.001 -20"><span class='ocrx_word' id='word_1_22' title='bbox 327 866 436 930; x_wconf 90' lang='lat' dir='ltr'>domus</span> <span class='ocrx_word' id='word_1_23' title='bbox 457 866 577 948; x_wconf 88' lang='lat' dir='ltr'>pariete</span> <span class='ocrx_word' id='word_1_24' title='bbox 599 863 759 941; x_wconf 81' lang='lat' dir='ltr'>detects1)</span> <span class='ocrx_word' id='word_1_25' title='bbox 790 863 906 943; x_wconf 88' lang='lat' dir='ltr'>optime</span> <span class='ocrx_word' id='word_1_26' title='bbox 930 863 1078 929; x_wconf 86' lang='lat' dir='ltr'>illustrat.</span> <span class='ocrx_word' id='word_1_27' title='bbox 1119 862 1186 926; x_wconf 90' lang='lat' dir='ltr'>Hoc</span> <span class='ocrx_word' id='word_1_28' title='bbox 1211 861 1275 926; x_wconf 89' lang='lat' dir='ltr'>loco</span> <span class='ocrx_word' id='word_1_29' title='bbox 1295 862 1375 927; x_wconf 91' lang='lat' dir='ltr'>duos</span> <span class='ocrx_word' id='word_1_30' title='bbox 1403 863 1486 927; x_wconf 77' lang='lat' dir='ltr'>vide</span> 
     </span>
     <span class='ocr_line' id='line_1_5' title="bbox 327 961 1487 1044; baseline -0.005 -14"><span class='ocrx_word' id='word_1_31' title='bbox 327 985 396 1031; x_wconf 92' lang='lat' dir='ltr'>mus</span> <span class='ocrx_word' id='word_1_32' title='bbox 419 966 501 1030; x_wconf 91' lang='lat' dir='ltr'>viros</span> <span class='ocrx_word' id='word_1_33' title='bbox 525 965 673 1029; x_wconf 84' lang='lat' dir='ltr'>narhatos</span> <span class='ocrx_word' id='word_1_34' title='bbox 694 962 805 1027; x_wconf 87' lang='lat' dir='ltr'>bacula</span> <span class='ocrx_word' id='word_1_35' title='bbox 824 969 970 1044; x_wconf 83' lang='lat' dir='ltr'>gerentes</span> <span class='ocrx_word' id='word_1_36' title='bbox 992 963 1044 1043; x_wconf 90' lang='lat' dir='ltr'>qui</span> <span class='ocrx_word' id='word_1_37' title='bbox 1069 963 1214 1026; x_wconf 82' lang='lat' dir='ltr'>sedentes</span> <span class='ocrx_word' id='word_1_38' title='bbox 1237 962 1267 1025; x_wconf 91' lang='lat' dir='ltr'>in</span> <span class='ocrx_word' id='word_1_39' title='bbox 1289 961 1372 1025; x_wconf 90' lang='lat' dir='ltr'>sellis</span> <span class='ocrx_word' id='word_1_40' title='bbox 1394 961 1487 1026; x_wconf 90' lang='lat' dir='ltr'>collo-</span> 
     </span>
     <span class='ocr_line' id='line_1_6' title="bbox 327 1061 1486 1145; baseline -0.004 -14"><span class='ocrx_word' id='word_1_41' title='bbox 327 1066 404 1131; x_wconf 89' lang='lat' dir='ltr'>catis</span> <span class='ocrx_word' id='word_1_42' title='bbox 432 1064 536 1145; x_wconf 90' lang='lat' dir='ltr'>paullo</span> <span class='ocrx_word' id='word_1_43' title='bbox 565 1062 727 1127; x_wconf 90' lang='lat' dir='ltr'>humiliore</span> <span class='ocrx_word' id='word_1_44' title='bbox 754 1063 821 1127; x_wconf 92' lang='lat' dir='ltr'>loco</span> <span class='ocrx_word' id='word_1_45' title='bbox 849 1081 943 1144; x_wconf 90' lang='lat' dir='ltr'>quam</span> <span class='ocrx_word' id='word_1_46' title='bbox 973 1082 1034 1145; x_wconf 93' lang='lat' dir='ltr'>quo</span> <span class='ocrx_word' id='word_1_47' title='bbox 1071 1063 1191 1143; x_wconf 86' lang='lat' dir='ltr'>logeum</span> <span class='ocrx_word' id='word_1_48' title='bbox 1224 1062 1361 1126; x_wconf 85' lang='lat' dir='ltr'>cernitur</span> <span class='ocrx_word' id='word_1_49' title='bbox 1393 1061 1486 1142; x_wconf 91' lang='lat' dir='ltr'>plane</span> 
     </span>
     <span class='ocr_line' id='line_1_7' title="bbox 326 1161 1485 1246; baseline -0.005 -16"><span class='ocrx_word' id='word_1_50' title='bbox 326 1165 510 1246; x_wconf 80' lang='lat' dir='ltr'>neglegunt,</span> <span class='ocrx_word' id='word_1_51' title='bbox 539 1181 619 1245; x_wconf 89' lang='lat' dir='ltr'>quae</span> <span class='ocrx_word' id='word_1_52' title='bbox 649 1162 680 1226; x_wconf 92' lang='lat' dir='ltr'>in</span> <span class='ocrx_word' id='word_1_53' title='bbox 709 1161 799 1243; x_wconf 83' lang='lat' dir='ltr'>logeo</span> <span class='ocrx_word' id='word_1_54' title='bbox 823 1163 875 1229; x_wconf 92' lang='lat' dir='ltr'>illo</span> <span class='ocrx_word' id='word_1_55' title='bbox 901 1182 958 1243; x_wconf 87' lang='lat' dir='ltr'>per</span> <span class='ocrx_word' id='word_1_56' title='bbox 985 1163 1121 1244; x_wconf 89' lang='lat' dir='ltr'>quinque</span> <span class='ocrx_word' id='word_1_57' title='bbox 1147 1162 1313 1226; x_wconf 85' lang='lat' dir='ltr'>histriones</span> <span class='ocrx_word' id='word_1_58' title='bbox 1339 1168 1485 1242; x_wconf 86' lang='lat' dir='ltr'>agantur,</span> 
     </span>
     <span class='ocr_line' id='line_1_8' title="bbox 326 1261 1486 1345; baseline -0.002 -16"><span class='ocrx_word' id='word_1_59' title='bbox 326 1272 421 1345; x_wconf 90' lang='lat' dir='ltr'>atque</span> <span class='ocrx_word' id='word_1_60' title='bbox 450 1263 556 1328; x_wconf 86' lang='lat' dir='ltr'>oculos</span> <span class='ocrx_word' id='word_1_61' title='bbox 584 1262 624 1326; x_wconf 93' lang='lat' dir='ltr'>ad</span> <span class='ocrx_word' id='word_1_62' title='bbox 657 1261 772 1327; x_wconf 80' lang='lat' dir='ltr'>theatri</span> <span class='ocrx_word' id='word_1_63' title='bbox 804 1280 929 1326; x_wconf 86' lang='lat' dir='ltr'>caveam</span> <span class='ocrx_word' id='word_1_64' title='bbox 962 1263 1135 1343; x_wconf 84' lang='lat' dir='ltr'>dirigentes</span> <span class='ocrx_word' id='word_1_65' title='bbox 1164 1263 1238 1344; x_wconf 85' lang='lat' dir='ltr'>picti</span> <span class='ocrx_word' id='word_1_66' title='bbox 1268 1268 1351 1327; x_wconf 92' lang='lat' dir='ltr'>suut.</span> <span class='ocrx_word' id='word_1_67' title='bbox 1403 1264 1486 1341; x_wconf 85' lang='lat' dir='ltr'>Quos</span> 
     </span>
     <span class='ocr_line' id='line_1_9' title="bbox 328 1361 1486 1447; baseline -0.002 -21"><span class='ocrx_word' id='word_1_68' title='bbox 328 1362 526 1447; x_wconf 74' lang='grc' dir='ltr'><strong><em>ῥαβδούχους</em></strong></span> <span class='ocrx_word' id='word_1_69' title='bbox 546 1362 595 1427; x_wconf 89' lang='lat' dir='ltr'>vel</span> <span class='ocrx_word' id='word_1_70' title='bbox 615 1362 717 1427; x_wconf 89' lang='lat' dir='ltr'>votius</span> <span class='ocrx_word' id='word_1_71' title='bbox 739 1361 965 1444; x_wconf 79' lang='grc' dir='ltr'><em>ῥαβδοφόρους</em></span> <span class='ocrx_word' id='word_1_72' title='bbox 993 1380 1062 1427; x_wconf 88' lang='lat' dir='ltr'>esse</span> <span class='ocrx_word' id='word_1_73' title='bbox 1082 1361 1251 1425; x_wconf 87' lang='lat' dir='ltr'>Wieselero</span> <span class='ocrx_word' id='word_1_74' title='bbox 1281 1368 1408 1426; x_wconf 88' lang='lat' dir='ltr'>auctore</span> <span class='ocrx_word' id='word_1_75' title='bbox 1429 1379 1486 1446; x_wconf 84' lang='lat' dir='ltr'>pro</span> 
     </span>
     <span class='ocr_line' id='line_1_10' title="bbox 328 1462 592 1528; baseline -0.008 0"><span class='ocrx_word' id='word_1_76' title='bbox 328 1467 414 1528; x_wconf 86' lang='lat' dir='ltr'>certo</span> <span class='ocrx_word' id='word_1_77' title='bbox 436 1462 592 1527; x_wconf 89' lang='lat' dir='ltr'>habemus.</span> 
     </span>
    </p>
   </div>
   <div class='ocr_carea' id='block_1_3' title="bbox 325 1576 1501 2556">
    <p class='ocr_par' dir='ltr' id='par_1_3' title="bbox 325 1576 1501 2556">
     <span class='ocr_line' id='line_1_11' title="bbox 410 1576 1487 1660; baseline -0.002 -16"><span class='ocrx_word' id='word_1_78' title='bbox 410 1580 530 1658; x_wconf 83' lang='lat' dir='ltr'>Restat,</span> <span class='ocrx_word' id='word_1_79' title='bbox 554 1582 590 1642; x_wconf 94' lang='lat' dir='ltr'>ut</span> <span class='ocrx_word' id='word_1_80' title='bbox 610 1577 647 1641; x_wconf 90' lang='lat' dir='ltr'>de</span> <span class='ocrx_word' id='word_1_81' title='bbox 668 1576 867 1656; x_wconf 89' lang='lat' dir='ltr'>rhabduchis,</span> <span class='ocrx_word' id='word_1_82' title='bbox 889 1596 968 1659; x_wconf 93' lang='lat' dir='ltr'>quos</span> <span class='ocrx_word' id='word_1_83' title='bbox 989 1578 1019 1640; x_wconf 91' lang='lat' dir='ltr'>in</span> <span class='ocrx_word' id='word_1_84' title='bbox 1041 1595 1185 1642; x_wconf 87' lang='lat' dir='ltr'>vasorum</span> <span class='ocrx_word' id='word_1_85' title='bbox 1205 1577 1368 1660; x_wconf 71' lang='lat' dir='ltr'>picturis2)</span> <span class='ocrx_word' id='word_1_86' title='bbox 1391 1596 1487 1659; x_wconf 89' lang='lat' dir='ltr'>prope</span> 
     </span>
     <span class='ocr_line' id='line_1_12' title="bbox 329 1676 1487 1762; baseline -0.004 -16"><span class='ocrx_word' id='word_1_87' title='bbox 329 1679 484 1762; x_wconf 88' lang='lat' dir='ltr'>thymelen</span> <span class='ocrx_word' id='word_1_88' title='bbox 507 1679 572 1742; x_wconf 90' lang='lat' dir='ltr'>sive</span> <span class='ocrx_word' id='word_1_89' title='bbox 592 1676 732 1742; x_wconf 87' lang='lat' dir='ltr'>sedentes</span> <span class='ocrx_word' id='word_1_90' title='bbox 754 1677 819 1741; x_wconf 87' lang='lat' dir='ltr'>sive</span> <span class='ocrx_word' id='word_1_91' title='bbox 838 1683 959 1742; x_wconf 90' lang='lat' dir='ltr'>stantes</span> <span class='ocrx_word' id='word_1_92' title='bbox 976 1678 1156 1761; x_wconf 75' lang='lat' dir='ltr'>invenimur,</span> <span class='ocrx_word' id='word_1_93' title='bbox 1176 1696 1331 1759; x_wconf 87' lang='lat' dir='ltr'>perpauca</span> <span class='ocrx_word' id='word_1_94' title='bbox 1349 1678 1487 1758; x_wconf 85' lang='lat' dir='ltr'>profera-</span> 
     </span>
     <span class='ocr_line' id='line_1_13' title="bbox 327 1776 1487 1859; baseline -0.003 -15"><span class='ocrx_word' id='word_1_95' title='bbox 327 1799 405 1846; x_wconf 82' lang='lat' dir='ltr'>mus</span> <span class='ocrx_word' id='word_1_96' title='bbox 446 1779 505 1858; x_wconf 85' lang='lat' dir='ltr'>Qui</span> <span class='ocrx_word' id='word_1_97' title='bbox 535 1796 602 1842; x_wconf 93' lang='lat' dir='ltr'>cum</span> <span class='ocrx_word' id='word_1_98' title='bbox 631 1776 691 1841; x_wconf 92' lang='lat' dir='ltr'>illis</span> <span class='ocrx_word' id='word_1_99' title='bbox 719 1794 755 1840; x_wconf 92' lang='lat' dir='ltr'>eo</span> <span class='ocrx_word' id='word_1_100' title='bbox 777 1776 902 1857; x_wconf 88' lang='lat' dir='ltr'>quidem</span> <span class='ocrx_word' id='word_1_101' title='bbox 922 1777 1137 1857; x_wconf 86' lang='lat' dir='ltr'>consentiunt,</span> <span class='ocrx_word' id='word_1_102' title='bbox 1164 1777 1248 1859; x_wconf 93' lang='lat' dir='ltr'>quod</span> <span class='ocrx_word' id='word_1_103' title='bbox 1269 1796 1331 1841; x_wconf 91' lang='lat' dir='ltr'>uno</span> <span class='ocrx_word' id='word_1_104' title='bbox 1359 1785 1487 1858; x_wconf 84' lang='lat' dir='ltr'>excepto</span> 
     </span>
     <span class='ocr_line' id='line_1_14' title="bbox 327 1875 1487 1957; baseline -0.003 -14"><span class='ocrx_word' id='word_1_105' title='bbox 327 1882 384 1945; x_wconf 90' lang='lat' dir='ltr'>viri</span> <span class='ocrx_word' id='word_1_106' title='bbox 406 1880 539 1943; x_wconf 86' lang='lat' dir='ltr'>maiores</span> <span class='ocrx_word' id='word_1_107' title='bbox 560 1883 638 1940; x_wconf 89' lang='lat' dir='ltr'>natu</span> <span class='ocrx_word' id='word_1_108' title='bbox 658 1876 770 1957; x_wconf 87' lang='lat' dir='ltr'>quippe</span> <span class='ocrx_word' id='word_1_109' title='bbox 791 1875 917 1941; x_wconf 90' lang='lat' dir='ltr'>barbati</span> <span class='ocrx_word' id='word_1_110' title='bbox 938 1882 1107 1957; x_wconf 88' lang='lat' dir='ltr'>apparent,</span> <span class='ocrx_word' id='word_1_111' title='bbox 1139 1877 1194 1957; x_wconf 93' lang='lat' dir='ltr'>qui</span> <span class='ocrx_word' id='word_1_112' title='bbox 1214 1876 1325 1941; x_wconf 88' lang='lat' dir='ltr'>bacula</span> <span class='ocrx_word' id='word_1_113' title='bbox 1345 1877 1487 1940; x_wconf 91' lang='lat' dir='ltr'>manibus</span> 
     </span>
     <span class='ocr_line' id='line_1_15' title="bbox 328 1974 1487 2058; baseline -0.005 -14"><span class='ocrx_word' id='word_1_114' title='bbox 328 1985 450 2058; x_wconf 89' lang='lat' dir='ltr'>tenent,</span> <span class='ocrx_word' id='word_1_115' title='bbox 477 1977 532 2041; x_wconf 91' lang='lat' dir='ltr'>sed</span> <span class='ocrx_word' id='word_1_116' title='bbox 556 1974 688 2041; x_wconf 88' lang='lat' dir='ltr'>dilucide</span> <span class='ocrx_word' id='word_1_117' title='bbox 716 1974 837 2038; x_wconf 91' lang='lat' dir='ltr'>abillis</span> <span class='ocrx_word' id='word_1_118' title='bbox 859 1976 1065 2057; x_wconf 88' lang='lat' dir='ltr'>Pompeianae</span> <span class='ocrx_word' id='word_1_119' title='bbox 1092 1975 1234 2056; x_wconf 85' lang='lat' dir='ltr'>picturae</span> <span class='ocrx_word' id='word_1_120' title='bbox 1258 1975 1487 2056; x_wconf 89' lang='lat' dir='ltr'>rhabdophoris</span> 
     </span>
     <span class='ocr_line' id='line_1_16' title="bbox 326 2074 1485 2159; baseline -0.005 -16"><span class='ocrx_word' id='word_1_121' title='bbox 326 2078 474 2144; x_wconf 86' lang='lat' dir='ltr'>dihcrunt</span> <span class='ocrx_word' id='word_1_122' title='bbox 500 2074 639 2156; x_wconf 89' lang='lat' dir='ltr'>eoquod</span> <span class='ocrx_word' id='word_1_123' title='bbox 667 2074 710 2138; x_wconf 91' lang='lat' dir='ltr'>ad</span> <span class='ocrx_word' id='word_1_124' title='bbox 737 2075 895 2159; x_wconf 90' lang='lat' dir='ltr'>thymelen</span> <span class='ocrx_word' id='word_1_125' title='bbox 917 2092 1083 2139; x_wconf 88' lang='lat' dir='ltr'>conversos</span> <span class='ocrx_word' id='word_1_126' title='bbox 1109 2092 1201 2138; x_wconf 90' lang='lat' dir='ltr'>aures</span> <span class='ocrx_word' id='word_1_127' title='bbox 1225 2078 1424 2156; x_wconf 87' lang='lat' dir='ltr'>animumque</span> <span class='ocrx_word' id='word_1_128' title='bbox 1445 2074 1485 2138; x_wconf 91' lang='lat' dir='ltr'>ad</span> 
     </span>
     <span class='ocr_line' id='line_1_17' title="bbox 326 2167 1501 2260; baseline -0.003 -18"><span class='ocrx_word' id='word_1_129' title='bbox 326 2179 425 2260; x_wconf 92' lang='lat' dir='ltr'>ipsum</span> <span class='ocrx_word' id='word_1_130' title='bbox 466 2175 662 2241; x_wconf 84' lang='lat' dir='ltr'>citharistam</span> <span class='ocrx_word' id='word_1_131' title='bbox 699 2175 763 2238; x_wconf 88' lang='lat' dir='ltr'>sive</span> <span class='ocrx_word' id='word_1_132' title='bbox 800 2175 956 2240; x_wconf 90' lang='lat' dir='ltr'>tibicinem</span> <span class='ocrx_word' id='word_1_133' title='bbox 994 2167 1218 2239; x_wconf 85' lang='lat' dir='ltr'>contendentes</span> <span class='ocrx_word' id='word_1_134' title='bbox 1257 2193 1291 2238; x_wconf 88' lang='lat' dir='ltr'>se</span> <span class='ocrx_word' id='word_1_135' title='bbox 1324 2175 1501 2255; x_wconf 58' lang='lat' dir='ltr'>praebent„</span> 
     </span>
     <span class='ocr_line' id='line_1_18' title="bbox 325 2274 1486 2359; baseline -0.003 -18"><span class='ocrx_word' id='word_1_136' title='bbox 325 2277 432 2359; x_wconf 88' lang='lat' dir='ltr'>Neque</span> <span class='ocrx_word' id='word_1_137' title='bbox 452 2276 598 2358; x_wconf 87' lang='lat' dir='ltr'>equidem</span> <span class='ocrx_word' id='word_1_138' title='bbox 621 2274 743 2354; x_wconf 90' lang='lat' dir='ltr'>dubito,</span> <span class='ocrx_word' id='word_1_139' title='bbox 766 2275 838 2355; x_wconf 91' lang='lat' dir='ltr'>quin</span> <span class='ocrx_word' id='word_1_140' title='bbox 860 2275 912 2339; x_wconf 91' lang='lat' dir='ltr'>isti</span> <span class='ocrx_word' id='word_1_141' title='bbox 930 2274 1110 2338; x_wconf 91' lang='lat' dir='ltr'>certaminis</span> <span class='ocrx_word' id='word_1_142' title='bbox 1132 2274 1249 2339; x_wconf 89' lang='lat' dir='ltr'>iudices</span> <span class='ocrx_word' id='word_1_143' title='bbox 1270 2274 1384 2354; x_wconf 71' lang='lat' dir='ltr'>sintq,</span> <span class='ocrx_word' id='word_1_144' title='bbox 1406 2291 1486 2354; x_wconf 89' lang='lat' dir='ltr'>quos</span> 
     </span>
     <span class='ocr_line' id='line_1_19' title="bbox 325 2372 1486 2458; baseline -0.001 -19"><span class='ocrx_word' id='word_1_145' title='bbox 325 2395 421 2458; x_wconf 91' lang='lat' dir='ltr'>prope</span> <span class='ocrx_word' id='word_1_146' title='bbox 452 2374 608 2456; x_wconf 87' lang='lat' dir='ltr'>thymelen</span> <span class='ocrx_word' id='word_1_147' title='bbox 631 2380 773 2438; x_wconf 86' lang='lat' dir='ltr'>versatos</span> <span class='ocrx_word' id='word_1_148' title='bbox 802 2391 872 2438; x_wconf 90' lang='lat' dir='ltr'>esse</span> <span class='ocrx_word' id='word_1_149' title='bbox 901 2374 967 2437; x_wconf 90' lang='lat' dir='ltr'>veri</span> <span class='ocrx_word' id='word_1_150' title='bbox 995 2373 1126 2438; x_wconf 91' lang='lat' dir='ltr'>similius</span> <span class='ocrx_word' id='word_1_151' title='bbox 1156 2372 1309 2437; x_wconf 87' lang='lat' dir='ltr'>videatur.</span> <span class='ocrx_word' id='word_1_152' title='bbox 1352 2373 1420 2451; x_wconf 82' lang='lat' dir='ltr'>Qua</span> <span class='ocrx_word' id='word_1_153' title='bbox 1449 2374 1486 2438; x_wconf 89' lang='lat' dir='ltr'>dc</span> 
     </span>
     <span class='ocr_line' id='line_1_20' title="bbox 325 2471 1486 2556; baseline -0.003 -16"><span class='ocrx_word' id='word_1_154' title='bbox 325 2493 418 2540; x_wconf 91' lang='lat' dir='ltr'>causa</span> <span class='ocrx_word' id='word_1_155' title='bbox 440 2472 677 2556; x_wconf 78' lang='lat' dir='ltr'>disiungendum</span> <span class='ocrx_word' id='word_1_156' title='bbox 699 2490 768 2537; x_wconf 88' lang='lat' dir='ltr'>esse</span> <span class='ocrx_word' id='word_1_157' title='bbox 789 2477 927 2537; x_wconf 90' lang='lat' dir='ltr'>statuam</span> <span class='ocrx_word' id='word_1_158' title='bbox 948 2473 1031 2536; x_wconf 90' lang='lat' dir='ltr'>inter</span> <span class='ocrx_word' id='word_1_159' title='bbox 1051 2473 1209 2536; x_wconf 89' lang='lat' dir='ltr'>ministros</span> <span class='ocrx_word' id='word_1_160' title='bbox 1230 2471 1386 2552; x_wconf 89' lang='lat' dir='ltr'>publicos,</span> <span class='ocrx_word' id='word_1_161' title='bbox 1407 2490 1486 2553; x_wconf 93' lang='lat' dir='ltr'>quos</span> 
     </span>
    </p>
   </div>
   <div class='ocr_carea' id='block_1_4' title="bbox 324 2570 1486 2852">
    <p class='ocr_par' dir='ltr' id='par_1_4' title="bbox 324 2570 1486 2852">
     <span class='ocr_line' id='line_1_21' title="bbox 325 2570 1485 2656; baseline -0.003 -18"><span class='ocrx_word' id='word_1_162' title='bbox 325 2591 420 2656; x_wconf 87' lang='lat' dir='ltr'>prope</span> <span class='ocrx_word' id='word_1_163' title='bbox 438 2572 571 2655; x_wconf 82' lang='lat' dir='ltr'>lugeam,</span> <span class='ocrx_word' id='word_1_164' title='bbox 591 2577 623 2638; x_wconf 91' lang='lat' dir='ltr'>et</span> <span class='ocrx_word' id='word_1_165' title='bbox 642 2572 821 2638; x_wconf 90' lang='lat' dir='ltr'>certaminis</span> <span class='ocrx_word' id='word_1_166' title='bbox 842 2571 967 2653; x_wconf 73' lang='lat' dir='ltr'>iudices</span> <span class='ocrx_word' id='word_1_167' title='bbox 988 2589 1068 2656; x_wconf 93' lang='lat' dir='ltr'>quos</span> <span class='ocrx_word' id='word_1_168' title='bbox 1080 2572 1167 2637; x_wconf 84' lang='lat' dir='ltr'>iuxta</span> <span class='ocrx_word' id='word_1_169' title='bbox 1190 2570 1344 2654; x_wconf 88' lang='lat' dir='ltr'>thymelen</span> <span class='ocrx_word' id='word_1_170' title='bbox 1361 2590 1485 2653; x_wconf 89' lang='lat' dir='ltr'>ponam,</span> 
     </span>
     <span class='ocr_line' id='line_1_22' title="bbox 324 2670 1486 2755; baseline -0.001 -18"><span class='ocrx_word' id='word_1_171' title='bbox 324 2674 508 2755; x_wconf 81' lang='lat' dir='ltr'>praesertim</span> <span class='ocrx_word' id='word_1_172' title='bbox 538 2689 607 2736; x_wconf 83' lang='lat' dir='ltr'>cum</span> <span class='ocrx_word' id='word_1_173' title='bbox 636 2671 706 2736; x_wconf 87' lang='lat' dir='ltr'>illos</span> <span class='ocrx_word' id='word_1_174' title='bbox 738 2670 977 2755; x_wconf 77' lang='grc' dir='ltr'><strong><em>ῥαβδοφόρους,</em></strong></span> <span class='ocrx_word' id='word_1_175' title='bbox 1006 2672 1062 2735; x_wconf 87' lang='lat' dir='ltr'>hos</span> <span class='ocrx_word' id='word_1_176' title='bbox 1092 2670 1290 2753; x_wconf 81' lang='grc' dir='ltr'><strong><em>ῥαβδούχους</em></strong></span> <span class='ocrx_word' id='word_1_177' title='bbox 1319 2671 1486 2736; x_wconf 80' lang='lat' dir='ltr'>scholiasta</span> 
     </span>
     <span class='ocr_line' id='line_1_23' title="bbox 325 2770 753 2852; baseline -0.002 -16"><span class='ocrx_word' id='word_1_178' title='bbox 325 2772 376 2837; x_wconf 89' lang='lat' dir='ltr'>ille</span> <span class='ocrx_word' id='word_1_179' title='bbox 399 2771 519 2835; x_wconf 89' lang='lat' dir='ltr'>diverse</span> <span class='ocrx_word' id='word_1_180' title='bbox 538 2770 753 2852; x_wconf 84' lang='lat' dir='ltr'>appellaverit.</span> 
     </span>
    </p>
   </div>
   <div class='ocr_carea' id='block_1_5' title="bbox 325 2886 1485 3068">
    <p class='ocr_par' dir='ltr' id='par_1_5' title="bbox 325 2886 1485 3068">
     <span class='ocr_line' id='line_1_24' title="bbox 407 2886 1484 2967; baseline 0 -16"><span class='ocrx_word' id='word_1_181' title='bbox 407 2886 485 2965; x_wconf 85' lang='lat' dir='ltr'>Quid</span> <span class='ocrx_word' id='word_1_182' title='bbox 516 2886 631 2967; x_wconf 74' lang='lat' dir='ltr'>plural</span> <span class='ocrx_word' id='word_1_183' title='bbox 681 2887 748 2952; x_wconf 89' lang='lat' dir='ltr'>Iam</span> <span class='ocrx_word' id='word_1_184' title='bbox 778 2887 857 2952; x_wconf 89' lang='lat' dir='ltr'>satis</span> <span class='ocrx_word' id='word_1_185' title='bbox 890 2887 1121 2951; x_wconf 86' lang='lat' dir='ltr'>demonstrasse</span> <span class='ocrx_word' id='word_1_186' title='bbox 1152 2886 1260 2950; x_wconf 87' lang='lat' dir='ltr'>videor</span> <span class='ocrx_word' id='word_1_187' title='bbox 1288 2886 1327 2950; x_wconf 89' lang='lat' dir='ltr'>de</span> <span class='ocrx_word' id='word_1_188' title='bbox 1363 2886 1484 2967; x_wconf 92' lang='lat' dir='ltr'>pulpito</span> 
     </span>
     <span class='ocr_line' id='line_1_25' title="bbox 325 2983 1485 3068; baseline 0 -17"><span class='ocrx_word' id='word_1_189' title='bbox 325 2987 459 3068; x_wconf 88' lang='lat' dir='ltr'>quodam</span> <span class='ocrx_word' id='word_1_190' title='bbox 477 2986 565 3052; x_wconf 89' lang='lat' dir='ltr'>chori</span> <span class='ocrx_word' id='word_1_191' title='bbox 582 2988 688 3068; x_wconf 84' lang='lat' dir='ltr'>gratia</span> <span class='ocrx_word' id='word_1_192' title='bbox 707 2988 738 3052; x_wconf 91' lang='lat' dir='ltr'>in</span> <span class='ocrx_word' id='word_1_193' title='bbox 755 2987 915 3052; x_wconf 90' lang='lat' dir='ltr'>orchestra</span> <span class='ocrx_word' id='word_1_194' title='bbox 936 2992 1096 3052; x_wconf 87' lang='lat' dir='ltr'>exstructo</span> <span class='ocrx_word' id='word_1_195' title='bbox 1114 2983 1175 3050; x_wconf 92' lang='lat' dir='ltr'>non</span> <span class='ocrx_word' id='word_1_196' title='bbox 1194 3003 1263 3050; x_wconf 88' lang='lat' dir='ltr'>esse</span> <span class='ocrx_word' id='word_1_197' title='bbox 1279 2986 1485 3065; x_wconf 83' lang='lat' dir='ltr'>cogitandum.</span> 
     </span>
    </p>
   </div>
   <div class='ocr_carea' id='block_1_6' title="bbox 323 3199 1489 3785">
    <p class='ocr_par' dir='ltr' id='par_1_6' title="bbox 323 3199 1489 3785">
     <span class='ocr_line' id='line_1_26' title="bbox 323 3199 1486 3268; baseline -0.003 -15"><span class='ocrx_word' id='word_1_198' title='bbox 323 3199 415 3268; x_wconf 70' lang='lat' dir='ltr'>Equii.</span> <span class='ocrx_word' id='word_1_199' title='bbox 435 3218 459 3254; x_wconf 83' lang='lat' dir='ltr'>V.</span> <span class='ocrx_word' id='word_1_200' title='bbox 478 3200 543 3254; x_wconf 82' lang='lat'>432:</span> <span class='ocrx_word' id='word_1_201' title='bbox 564 3203 702 3265; x_wconf 79' lang='grc' dir='ltr'><strong><em>τούτεστιν,</em></strong></span> <span class='ocrx_word' id='word_1_202' title='bbox 723 3201 736 3251; x_wconf 79' lang='lat' dir='ltr'>t·</span> <span class='ocrx_word' id='word_1_203' title='bbox 754 3206 878 3253; x_wconf 68' lang='lat' dir='ltr'>cecidero</span> <span class='ocrx_word' id='word_1_204' title='bbox 896 3200 948 3252; x_wconf 80' lang='grc' dir='ltr'>τῶν</span> <span class='ocrx_word' id='word_1_205' title='bbox 965 3202 1099 3252; x_wconf 75' lang='grc' dir='ltr'>ἀλλάντων</span> <span class='ocrx_word' id='word_1_206' title='bbox 1115 3201 1219 3261; x_wconf 75' lang='grc' dir='ltr'><strong><em>φθάσας</em></strong></span> <span class='ocrx_word' id='word_1_207' title='bbox 1238 3201 1324 3262; x_wconf 54' lang='lat' dir='ltr'>inscio,</span> <span class='ocrx_word' id='word_1_208' title='bbox 1343 3200 1417 3250; x_wconf 71' lang='grc' dir='ltr'><strong><em>τοῦτο</em></strong></span> <span class='ocrx_word' id='word_1_209' title='bbox 1436 3201 1486 3251; x_wconf 79' lang='grc' dir='ltr'>παὶ-</span> 
     </span>
     <span class='ocr_line' id='line_1_27' title="bbox 323 3286 1487 3357; baseline -0.001 -21"><span class='ocrx_word' id='word_1_210' title='bbox 323 3290 363 3336; x_wconf 87' lang='grc' dir='ltr'>λιν</span> <span class='ocrx_word' id='word_1_211' title='bbox 380 3287 541 3357; x_wconf 67' lang='grc' dir='ltr'><strong><em>ἐναιρόμενος</em></strong></span> <span class='ocrx_word' id='word_1_212' title='bbox 558 3287 604 3355; x_wconf 71' lang='grc' dir='ltr'>τῆς</span> <span class='ocrx_word' id='word_1_213' title='bbox 626 3289 740 3356; x_wconf 70' lang='grc' dir='ltr'><strong><em>θυμλλης</em></strong></span> <span class='ocrx_word' id='word_1_214' title='bbox 759 3288 848 3353; x_wconf 70' lang='grc' dir='ltr'>ἐξάγει.</span> <span class='ocrx_word' id='word_1_215' title='bbox 884 3287 958 3340; x_wconf 84' lang='lat' dir='ltr'>idem</span> <span class='ocrx_word' id='word_1_216' title='bbox 983 3287 1019 3341; x_wconf 82' lang='lat' dir='ltr'>ad</span> <span class='ocrx_word' id='word_1_217' title='bbox 1045 3286 1130 3341; x_wconf 76' lang='lat' dir='ltr'>eiusd.</span> <span class='ocrx_word' id='word_1_218' title='bbox 1153 3286 1239 3341; x_wconf 81' lang='lat' dir='ltr'>fabul.</span> <span class='ocrx_word' id='word_1_219' title='bbox 1259 3304 1284 3340; x_wconf 81' lang='lat' dir='ltr'>v.</span> <span class='ocrx_word' id='word_1_220' title='bbox 1302 3286 1366 3339; x_wconf 73' lang='lat'>482:</span> <span class='ocrx_word' id='word_1_221' title='bbox 1395 3289 1424 3336; x_wconf 82' lang='grc' dir='ltr'>τὸ</span> <span class='ocrx_word' id='word_1_222' title='bbox 1441 3289 1487 3347; x_wconf 67' lang='grc' dir='ltr'>μέν</span> 
     </span>
     <span class='ocr_line' id='line_1_28' title="bbox 323 3373 1487 3444; baseline 0.002 -22"><span class='ocrx_word' id='word_1_223' title='bbox 323 3374 438 3432; x_wconf 66' lang='grc' dir='ltr'><strong><em>Κλέωνος</em></strong></span> <span class='ocrx_word' id='word_1_224' title='bbox 455 3375 501 3441; x_wconf 78' lang='grc' dir='ltr'>τῆς</span> <span class='ocrx_word' id='word_1_225' title='bbox 520 3376 633 3441; x_wconf 74' lang='grc' dir='ltr'><strong><em>θυμέλης</em></strong></span> <span class='ocrx_word' id='word_1_226' title='bbox 650 3374 778 3439; x_wconf 69' lang='grc' dir='ltr'>ὑπεξῆλθε</span> <span class='ocrx_word' id='word_1_227' title='bbox 798 3380 948 3444; x_wconf 77' lang='grc' dir='ltr'><strong><em>πρόσωπον,</em></strong></span> <span class='ocrx_word' id='word_1_228' title='bbox 973 3376 1021 3440; x_wconf 74' lang='grc' dir='ltr'>τήν</span> <span class='ocrx_word' id='word_1_229' title='bbox 1038 3375 1132 3440; x_wconf 73' lang='grc' dir='ltr'><strong><em>βουλήν</em></strong></span> <span class='ocrx_word' id='word_1_230' title='bbox 1152 3374 1234 3440; x_wconf 73' lang='grc' dir='ltr'><strong><em>δῆθεν</em></strong></span> <span class='ocrx_word' id='word_1_231' title='bbox 1251 3373 1350 3439; x_wconf 73' lang='grc' dir='ltr'><strong><em>κινῆσαι</em></strong></span> <span class='ocrx_word' id='word_1_232' title='bbox 1368 3375 1423 3423; x_wconf 82' lang='grc' dir='ltr'><strong><em>κατ’</em></strong></span> <span class='ocrx_word' id='word_1_233' title='bbox 1441 3375 1487 3424; x_wconf 69' lang='grc' dir='ltr'>αἶ’-</span> 
     </span>
     <span class='ocr_line' id='line_1_29' title="bbox 324 3453 1488 3526; baseline -0.002 -18"><span class='ocrx_word' id='word_1_234' title='bbox 324 3457 383 3513; x_wconf 81' lang='grc' dir='ltr'>τῶν.</span> <span class='ocrx_word' id='word_1_235' title='bbox 419 3459 463 3512; x_wconf 77' lang='lat' dir='ltr'>ad.</span> <span class='ocrx_word' id='word_1_236' title='bbox 482 3477 506 3513; x_wconf 83' lang='lat' dir='ltr'>V.</span> <span class='ocrx_word' id='word_1_237' title='bbox 526 3460 590 3513; x_wconf 75' lang='lat'>519:</span> <span class='ocrx_word' id='word_1_238' title='bbox 618 3453 685 3521; x_wconf 79' lang='grc' dir='ltr'><strong><em>οἷον,</em></strong></span> <span class='ocrx_word' id='word_1_239' title='bbox 710 3472 762 3520; x_wconf 79' lang='grc' dir='ltr'><strong><em>τοῖς</em></strong></span> <span class='ocrx_word' id='word_1_240' title='bbox 785 3467 849 3520; x_wconf 68' lang='grc' dir='ltr'><strong><em>νέοις</em></strong></span> <span class='ocrx_word' id='word_1_241' title='bbox 871 3467 1009 3526; x_wconf 77' lang='grc' dir='ltr'><strong><em>χαίροντας</em></strong></span> <span class='ocrx_word' id='word_1_242' title='bbox 1035 3461 1074 3510; x_wconf 71' lang='lat' dir='ltr'>oiri</span> <span class='ocrx_word' id='word_1_243' title='bbox 1097 3460 1148 3511; x_wconf 78' lang='grc' dir='ltr'>τῶν</span> <span class='ocrx_word' id='word_1_244' title='bbox 1171 3459 1284 3526; x_wconf 74' lang='grc' dir='ltr'><strong><em>ποιητῶν</em></strong></span> <span class='ocrx_word' id='word_1_245' title='bbox 1311 3461 1352 3508; x_wconf 77' lang='grc' dir='ltr'>καὶ</span> <span class='ocrx_word' id='word_1_246' title='bbox 1378 3461 1414 3526; x_wconf 73' lang='grc' dir='ltr'>μή</span> <span class='ocrx_word' id='word_1_247' title='bbox 1436 3469 1488 3516; x_wconf 82' lang='grc' dir='ltr'><strong><em>τοῖς</em></strong></span> 
     </span>
     <span class='ocr_line' id='line_1_30' title="bbox 323 3545 1489 3619; baseline 0.003 -21"><span class='ocrx_word' id='word_1_248' title='bbox 323 3545 439 3614; x_wconf 73' lang='grc' dir='ltr'><strong><em>ἄρχαίοις</em></strong></span> <span class='ocrx_word' id='word_1_249' title='bbox 468 3547 509 3595; x_wconf 80' lang='grc' dir='ltr'>ναὶ</span> <span class='ocrx_word' id='word_1_250' title='bbox 539 3550 573 3605; x_wconf 70' lang='grc' dir='ltr'>εἰς</span> <span class='ocrx_word' id='word_1_251' title='bbox 602 3548 650 3613; x_wconf 69' lang='grc' dir='ltr'>τήν</span> <span class='ocrx_word' id='word_1_252' title='bbox 681 3550 797 3614; x_wconf 75' lang='grc' dir='ltr'>θυμέλην</span> <span class='ocrx_word' id='word_1_253' title='bbox 829 3547 948 3619; x_wconf 64' lang='grc' dir='ltr'><strong><em>παριοῦσι</em></strong></span> <span class='ocrx_word' id='word_1_254' title='bbox 977 3551 1087 3615; x_wconf 78' lang='grc' dir='ltr'><strong><em>πρῶτον.</em></strong></span> <span class='ocrx_word' id='word_1_255' title='bbox 1130 3545 1276 3599; x_wconf 75' lang='lat' dir='ltr'>Nobiscum</span> <span class='ocrx_word' id='word_1_256' title='bbox 1313 3547 1489 3601; x_wconf 73' lang='lat' dir='ltr'>consenliuni</span> 
     </span>
     <span class='ocr_line' id='line_1_31' title="bbox 323 3630 1488 3760; baseline 0.002 -75"><span class='ocrx_word' id='word_1_257' title='bbox 323 3630 549 3760; x_wconf 54' lang='lat' dir='ltr'>{ieppartius</span> <span class='ocrx_word' id='word_1_258' title='bbox 571 3633 590 3686; x_wconf 88' lang='lat' dir='ltr'>l.</span> <span class='ocrx_word' id='word_1_259' title='bbox 608 3633 626 3687; x_wconf 93' lang='grc'>1.</span> <span class='ocrx_word' id='word_1_260' title='bbox 648 3651 674 3704; x_wconf 89' lang='lat' dir='ltr'>p.</span> <span class='ocrx_word' id='word_1_261' title='bbox 694 3635 745 3688; x_wconf 79' lang='lat'>208</span> <span class='ocrx_word' id='word_1_262' title='bbox 767 3635 830 3688; x_wconf 87' lang='lat' dir='ltr'>adn.</span> <span class='ocrx_word' id='word_1_263' title='bbox 849 3634 865 3687; x_wconf 87' lang='grc'>4</span> <span class='ocrx_word' id='word_1_264' title='bbox 887 3635 916 3688; x_wconf 85' lang='lat' dir='ltr'>et</span> <span class='ocrx_word' id='word_1_265' title='bbox 934 3631 1157 3687; x_wconf 86' lang='lat' dir='ltr'>Wieselerus</span> <span class='ocrx_word' id='word_1_266' title='bbox 1181 3632 1211 3686; x_wconf 92' lang='lat' dir='ltr'>in</span> <span class='ocrx_word' id='word_1_267' title='bbox 1234 3632 1326 3685; x_wconf 87' lang='lat' dir='ltr'>Ersch.</span> <span class='ocrx_word' id='word_1_268' title='bbox 1354 3636 1382 3687; x_wconf 89' lang='lat' dir='ltr'>et</span> <span class='ocrx_word' id='word_1_269' title='bbox 1403 3634 1488 3688; x_wconf 86' lang='lat' dir='ltr'>Grub·</span> 
     </span>
     <span class='ocr_line' id='line_1_32' title="bbox 335 3717 656 3785; baseline 0 -13"><span class='ocrx_word' id='word_1_270' title='bbox 335 3717 377 3772; x_wconf 87' lang='lat' dir='ltr'>.l.</span> <span class='ocrx_word' id='word_1_271' title='bbox 397 3735 423 3785; x_wconf 89' lang='lat' dir='ltr'>p.</span> <span class='ocrx_word' id='word_1_272' title='bbox 444 3717 497 3770; x_wconf 79' lang='lat'>228</span> <span class='ocrx_word' id='word_1_273' title='bbox 515 3718 578 3772; x_wconf 88' lang='lat' dir='ltr'>adn.</span> <span class='ocrx_word' id='word_1_274' title='bbox 599 3718 656 3772; x_wconf 87' lang='grc'><strong>140.</strong></span> 
     </span>
    </p>
   </div>
   <div class='ocr_carea' id='block_1_7' title="bbox 323 3851 1489 4095">
    <p class='ocr_par' dir='ltr' id='par_1_7' title="bbox 323 3851 1489 4095">
     <span class='ocr_line' id='line_1_33' title="bbox 394 3851 1487 3924; baseline 0.004 -20"><span class='ocrx_word' id='word_1_275' title='bbox 394 3852 418 3918; x_wconf 88' lang='grc'>1)</span> <span class='ocrx_word' id='word_1_276' title='bbox 437 3851 561 3907; x_wconf 85' lang='lat' dir='ltr'>invenies</span> <span class='ocrx_word' id='word_1_277' title='bbox 579 3854 650 3909; x_wconf 85' lang='lat' dir='ltr'>hanc</span> <span class='ocrx_word' id='word_1_278' title='bbox 667 3855 803 3924; x_wconf 83' lang='lat' dir='ltr'>picturam</span> <span class='ocrx_word' id='word_1_279' title='bbox 825 3855 853 3909; x_wconf 88' lang='lat' dir='ltr'>in</span> <span class='ocrx_word' id='word_1_280' title='bbox 872 3853 1067 3909; x_wconf 85' lang='lat' dir='ltr'>Wieseleri</span> <span class='ocrx_word' id='word_1_281' title='bbox 1092 3853 1157 3907; x_wconf 88' lang='lat' dir='ltr'>libri</span> <span class='ocrx_word' id='word_1_282' title='bbox 1177 3853 1264 3908; x_wconf 86' lang='lat' dir='ltr'>tabul.</span> <span class='ocrx_word' id='word_1_283' title='bbox 1283 3854 1334 3917; x_wconf 88' lang='lat' dir='ltr'>XI,</span> <span class='ocrx_word' id='word_1_284' title='bbox 1354 3854 1371 3906; x_wconf 82' lang='lat'><strong>2</strong></span> <span class='ocrx_word' id='word_1_285' title='bbox 1395 3857 1487 3923; x_wconf 88' lang='lat' dir='ltr'>(quam</span> 
     </span>
     <span class='ocr_line' id='line_1_34' title="bbox 323 3936 1489 4011; baseline 0.003 -22"><span class='ocrx_word' id='word_1_286' title='bbox 323 3936 468 4006; x_wconf 83' lang='lat' dir='ltr'>descripsit</span> <span class='ocrx_word' id='word_1_287' title='bbox 485 3939 534 3994; x_wconf 88' lang='lat' dir='ltr'>ille</span> <span class='ocrx_word' id='word_1_288' title='bbox 552 3957 617 4011; x_wconf 81' lang='lat' dir='ltr'>pag.</span> <span class='ocrx_word' id='word_1_289' title='bbox 635 3942 706 4001; x_wconf 81' lang='lat'>83.2</span> <span class='ocrx_word' id='word_1_290' title='bbox 726 3946 754 3995; x_wconf 89' lang='lat' dir='ltr'>et</span> <span class='ocrx_word' id='word_1_291' title='bbox 772 3942 800 3995; x_wconf 88' lang='lat' dir='ltr'>in</span> <span class='ocrx_word' id='word_1_292' title='bbox 821 3941 948 4011; x_wconf 88' lang='lat' dir='ltr'>opusculi</span> <span class='ocrx_word' id='word_1_293' title='bbox 964 3942 997 3995; x_wconf 88' lang='lat' dir='ltr'>de</span> <span class='ocrx_word' id='word_1_294' title='bbox 1016 3940 1141 4009; x_wconf 85' lang='lat' dir='ltr'>thymele</span> <span class='ocrx_word' id='word_1_295' title='bbox 1160 3939 1305 4008; x_wconf 88' lang='lat' dir='ltr'>compositi</span> <span class='ocrx_word' id='word_1_296' title='bbox 1320 3956 1382 4008; x_wconf 85' lang='lat' dir='ltr'>pag.</span> <span class='ocrx_word' id='word_1_297' title='bbox 1396 3939 1489 4007; x_wconf 70' lang='lat' dir='ltr'>disq.)</span> 
     </span>
     <span class='ocr_line' id='line_1_35' title="bbox 324 4022 1046 4095; baseline 0.007 -20"><span class='ocrx_word' id='word_1_298' title='bbox 324 4023 408 4089; x_wconf 84' lang='lat' dir='ltr'>atque</span> <span class='ocrx_word' id='word_1_299' title='bbox 426 4022 456 4077; x_wconf 89' lang='lat' dir='ltr'>in</span> <span class='ocrx_word' id='word_1_300' title='bbox 476 4024 721 4082; x_wconf 84' lang='lat' dir='ltr'>Baumeisteri</span> <span class='ocrx_word' id='word_1_301' title='bbox 740 4044 860 4082; x_wconf 88' lang='lat' dir='ltr'>monum.</span> <span class='ocrx_word' id='word_1_302' title='bbox 880 4027 924 4088; x_wconf 88' lang='lat' dir='ltr'>II,</span> <span class='ocrx_word' id='word_1_303' title='bbox 945 4044 971 4095; x_wconf 92' lang='lat' dir='ltr'>p.</span> <span class='ocrx_word' id='word_1_304' title='bbox 987 4027 1046 4081; x_wconf 77' lang='lat'>825.</span> 
     </span>
    </p>
   </div>
   <div class='ocr_carea' id='block_1_8' title="bbox 392 4126 1309 4196">
    <p class='ocr_par' dir='ltr' id='par_1_8' title="bbox 392 4126 1309 4196">
     <span class='ocr_line' id='line_1_36' title="bbox 392 4126 1309 4196; baseline 0.001 -16"><span class='ocrx_word' id='word_1_305' title='bbox 392 4127 420 4196; x_wconf 81' lang='lat'>2)</span> <span class='ocrx_word' id='word_1_306' title='bbox 438 4126 584 4184; x_wconf 89' lang='lat' dir='ltr'>Wiesel.</span> <span class='ocrx_word' id='word_1_307' title='bbox 603 4130 622 4182; x_wconf 92' lang='lat' dir='ltr'>l.</span> <span class='ocrx_word' id='word_1_308' title='bbox 641 4128 659 4183; x_wconf 88' lang='grc' dir='ltr'>Ι.</span> <span class='ocrx_word' id='word_1_309' title='bbox 679 4129 766 4185; x_wconf 89' lang='lat' dir='ltr'>tabul.</span> <span class='ocrx_word' id='word_1_310' title='bbox 785 4130 832 4194; x_wconf 87' lang='lat' dir='ltr'>lV,</span> <span class='ocrx_word' id='word_1_311' title='bbox 852 4131 876 4184; x_wconf 87' lang='grc'>6.</span> <span class='ocrx_word' id='word_1_312' title='bbox 911 4129 1056 4185; x_wconf 84' lang='lat' dir='ltr'>Panoik.</span> <span class='ocrx_word' id='word_1_313' title='bbox 1073 4128 1090 4184; x_wconf 90' lang='lat' dir='ltr'>l.</span> <span class='ocrx_word' id='word_1_314' title='bbox 1108 4129 1127 4182; x_wconf 88' lang='lat'>1.</span> <span class='ocrx_word' id='word_1_315' title='bbox 1146 4128 1202 4183; x_wconf 88' lang='lat' dir='ltr'>tab.</span> <span class='ocrx_word' id='word_1_316' title='bbox 1220 4127 1266 4196; x_wconf 93' lang='lat' dir='ltr'>lV,</span> <span class='ocrx_word' id='word_1_317' title='bbox 1285 4128 1309 4182; x_wconf 90' lang='lat'>8.</span> 
     </span>
    </p>
   </div>
   <div class='ocr_carea' id='block_1_9' title="bbox 322 4228 1489 4382">
    <p class='ocr_par' dir='ltr' id='par_1_9' title="bbox 322 4228 1489 4382">
     <span class='ocr_line' id='line_1_37' title="bbox 323 4228 1489 4366; baseline 0.002 -85"><span class='ocrx_word' id='word_1_318' title='bbox 323 4310 352 4366; x_wconf 74' lang='lat'>‘1</span> <span class='ocrx_word' id='word_1_319' title='bbox 390 4228 417 4297; x_wconf 75' lang='lat'>3)</span> <span class='ocrx_word' id='word_1_320' title='bbox 436 4230 509 4298; x_wconf 89' lang='lat' dir='ltr'>quod</span> <span class='ocrx_word' id='word_1_321' title='bbox 530 4233 559 4285; x_wconf 88' lang='lat' dir='ltr'>et</span> <span class='ocrx_word' id='word_1_322' title='bbox 583 4230 779 4287; x_wconf 87' lang='lat' dir='ltr'>Wieselero</span> <span class='ocrx_word' id='word_1_323' title='bbox 801 4232 819 4286; x_wconf 88' lang='lat' dir='ltr'>l.</span> <span class='ocrx_word' id='word_1_324' title='bbox 842 4233 860 4287; x_wconf 86' lang='lat' dir='ltr'>l</span> <span class='ocrx_word' id='word_1_325' title='bbox 882 4249 908 4300; x_wconf 91' lang='lat' dir='ltr'>p.</span> <span class='ocrx_word' id='word_1_326' title='bbox 933 4233 1004 4297; x_wconf 83' lang='grc'>34,6</span> <span class='ocrx_word' id='word_1_327' title='bbox 1027 4235 1056 4285; x_wconf 85' lang='lat' dir='ltr'>ot</span> <span class='ocrx_word' id='word_1_328' title='bbox 1079 4230 1266 4285; x_wconf 76' lang='lat' dir='ltr'>Panoflrae</span> <span class='ocrx_word' id='word_1_329' title='bbox 1289 4230 1308 4282; x_wconf 97' lang='lat' dir='ltr'>l.</span> <span class='ocrx_word' id='word_1_330' title='bbox 1333 4231 1352 4283; x_wconf 92' lang='lat' dir='ltr'>l.</span> <span class='ocrx_word' id='word_1_331' title='bbox 1373 4248 1399 4300; x_wconf 90' lang='lat' dir='ltr'>p.</span> <span class='ocrx_word' id='word_1_332' title='bbox 1419 4231 1443 4294; x_wconf 81' lang='lat'>7,</span> <span class='ocrx_word' id='word_1_333' title='bbox 1472 4230 1489 4283; x_wconf 87' lang='lat'>8</span> 
     </span>
     <span class='ocr_line' id='line_1_38' title="bbox 322 4312 438 4382; baseline -0.009 -13"><span class='ocrx_word' id='word_1_334' title='bbox 322 4312 438 4382; x_wconf 74' lang='lat' dir='ltr'>paruit.</span> 
     </span>
    </p>
   </div>
   <div class='ocr_carea' id='block_1_10' title="bbox 0 0 1618 5200">
    <p class='ocr_par' dir='ltr' id='par_1_10' title="bbox 0 0 1618 5200">
     <span class='ocr_line' id='line_1_39' title="bbox 0 0 1618 5200; baseline 0 0"><span class='ocrx_word' id='word_1_335' title='bbox 0 0 1618 5200; x_wconf 95' lang='lat' dir='ltr'> </span> 
     </span>
    </p>
   </div>
  </div>
 </body>
</html>
