3225 5200
921 517 958 584 la

288 695 290 701 ’
358 695 461 776 potius
487 693 606 774 logeum
634 701 736 762 ortum
759 696 857 762 fuisse
887 699 1028 780 equidem
1050 719 1233 782 persuasum
1255 703 1372 783 habeo,
1395 723 1464 773 cum
1486 706 1519 771 in

357 798 425 878 ipso
447 815 484 860 eo
510 795 594 879 quod
616 795 834 862 choreutarum
864 799 990 879 quidam
1021 802 1164 867 cantibus
1186 804 1392 885 respondebat
1423 807 1519 887 prim·

356 897 443 961 ordia
472 896 603 962 actionis
634 896 796 963 cuiusdam
829 898 987 964 histrionis
1015 903 1162 981 propriae
1192 902 1377 969 invenienda
1408 907 1473 971 sint
1484 906 1517 989 ¹).

356 996 473 1061 Tamen
495 1003 604 1062 contra
622 994 781 1062 Wieseleri
801 998 985 1080 opinionem,
1007 1000 1060 1080 qui
1074 1001 1194 1066 censuit
1210 1020 1247 1065 ex
1267 1003 1320 1067 illa
1344 1024 1400 1070 ara
1422 1025 1518 1091 qoam

355 1096 511 1178 thymelen
549 1102 690 1165 vocatam
722 1096 857 1177 legimus
891 1098 1054 1179 paullatim
1098 1101 1250 1182 pulpitum
1293 1104 1447 1184 quoddam
1484 1108 1517 1173 iu

355 1215 444 1261 usum
474 1197 558 1262 chori
589 1196 736 1261 saltantis
764 1203 955 1263 exstructum
986 1198 1092 1263 eodem
1120 1200 1212 1265 modo
1247 1219 1307 1282 quo
1342 1222 1380 1268 ex
1408 1223 1518 1270 mensa

353 1296 477 1377 logeum
498 1303 637 1361 exortunr
656 1295 760 1375 fnisse,
782 1297 852 1377 ipsa
869 1302 1009 1361 ueterum
1031 1299 1207 1364 testimonia
1228 1309 1414 1383 repugnant.
1454 1304 1516 1369 Ne-

354 1397 503 1478 queenim
523 1396 618 1461 ullum
636 1396 739 1460 inveni
754 1396 854 1461 locum
868 1414 928 1477 quo
945 1398 1069 1463 chorum
1082 1400 1302 1466 vetustioribus
1321 1404 1515 1484 temporibus

353 1499 385 1562 in
407 1497 482 1578 ipsis
503 1499 565 1561 aris
588 1502 724 1561 stantem
748 1496 788 1561 ad
804 1496 917 1561 Bacchi
939 1496 1086 1562 honorem
1108 1499 1245 1565 carmina
1266 1502 1413 1568 cecinisse
1434 1522 1515 1568 oom-

352 1597 517 1679 probetur3
536 1597 692 1679 atquehis
705 1614 743 1660 en
754 1596 897 1661 cantibus
916 1599 1110 1677 tragoediam
1121 1599 1290 1680 primordia
1301 1602 1428 1682 cepisse,
1444 1604 1515 1685 quis

351 1704 400 1761 est
422 1698 475 1778 qui
498 1697 639 1761 nesciat?
677 1694 748 1774 Quo
770 1695 807 1760 de
830 1715 864 1760 rc
881 1695 1058 1762 Euanthius
1069 1698 1098 1779 Ι)
1120 1697 1199 1763 haec
1219 1700 1334 1765 tradit:
1356 1703 1516 1768 comoed-ia

349 1798 549 1880 feroncius,
581 1804 616 1860 ut
643 1798 716 1877 ipso
746 1816 865 1881 quoque
896 1796 971 1860 otim
999 1799 1181 1879 tropoedio,
1217 1800 1352 1880 simplem
1385 1822 1515 1866 carmon

351 1899 613 1978 quemadmodum
640 1897 707 1961 iam
733 1895 874 1960 dicimus
893 1896 976 1979 fuit,
1004 1898 1086 1983 qood
1106 1898 1219 1963 chorus
1247 1900 1333 1964 circo
1357 1922 1434 1966 oros
1458 1903 1514 1984 fu-

350 2005 474 2063 mantes
501 2016 586 2062 oeno
611 1997 771 2077 spotiatus
798 2016 883 2061 numo
910 1997 1085 2062 consistam
1111 2018 1196 2063 neoc
1226 1998 1389 2066 revolvens
1415 2022 1514 2084 pyros

409 2195 444 2261 Ἰ)
463 2194 547 2262 atque
571 2191 642 2247 idem
664 2191 768 2261 placuit
786 2190 980 2245 Wieselero
1006 2192 1035 2261 (l.
1056 2192 1073 2246 l.
1092 2211 1118 2262 p.
1137 2193 1171 2247 26
1188 2195 1251 2247 adn.
1272 2195 1305 2248 76
1323 2197 1352 2249 et
1369 2194 1398 2248 in
1418 2195 1512 2249 Erech.

348 2282 377 2334 et
395 2279 478 2334 Grub.
496 2280 514 2333 l.
533 2280 551 2332 l.
573 2297 598 2348 p.
619 2279 695 2345 206);
714 2293 802 2345 neque
822 2277 874 2331 hac
891 2278 919 2330 in
939 2294 968 2331 re
987 2295 1068 2346 quem
1086 2278 1195 2349 saepius
1212 2279 1324 2334 laudavi
1342 2281 1513 2335 Sommer-

348 2366 494 2420 brodtio
513 2366 541 2435 (l.
561 2365 578 2419 l.
597 2383 622 2434 p.
640 2365 674 2418 94
681 2364 750 2433 sqq.)
768 2363 894 2419 assentiri
914 2380 1031 2432 possum,
1049 2363 1083 2417 de
1099 2363 1232 2417 histrione
1250 2364 1305 2418 iam
1324 2366 1440 2435 cogitari
1455 2385 1512 2421 non

348 2452 453 2516 debere,
473 2469 534 2506 curn
553 2451 582 2505 in
599 2451 658 2521 ipso
674 2451 756 2504 verbo
776 2471 844 2509 »τιςα
864 2449 951 2503 inesse
968 2466 1109 2527 censeam,
1121 2449 1200 2504 illum
1216 2451 1264 2519 qui
1283 2469 1403 2507 mensam
1416 2470 1512 2508 ascen-

347 2539 420 2593 derit
445 2528 718 2592 non'choreutarum
743 2554 829 2589 unum
854 2536 951 2601 fuisse;
979 2552 1069 2604 neque
1093 2535 1190 2606 Diog.
1216 2536 1353 2592 haertii
1377 2539 1440 2610 (III,
1463 2541 1510 2594 56:

346 2625 429 2698 ὥσπερ
446 2628 473 2679 δέ
491 2627 520 2677 τὸ
538 2626 646 2677 παλαιὸν
666 2629 692 2676 ir
710 2623 745 2695 τῇ
755 2626 887 2694 τραγῳδίᾳ
904 2630 1025 2695 πρότερον
1042 2626 1089 2685 pls
1106 2630 1179 2685 μόνος
1199 2624 1298 2695 ὄχορδς
1309 2625 1511 2698 διεδραμάτιζεν,
1608 2613 1609 2638 i

345 2714 448 2784 ὕστερον
467 2714 494 2764 tt
514 2713 610 2771 Θέσπις·
632 2711 676 2764 ἕνα
699 2711 837 2780 ainonensis
856 2710 951 2778 ἐξεῦρεν
975 2710 1039 2781 ὑπὲρ
1061 2711 1107 2762 τοῦ
1130 2712 1338 2763 διαναπαδεσθαι
1355 2713 1400 2764 τοῦ
1421 2714 1510 2783 lepori)
1607 2703 1608 2736 l

347 2799 464 2854 aliorum
484 2798 567 2852 verba
585 2799 619 2853 de
638 2797 790 2867 Thespide,
815 2814 894 2865 quem
912 2796 1119 2850 Euanthius
1143 2798 1187 2863 (de
1205 2798 1338 2868 tragoed,
1356 2815 1390 2853 ex
1408 2816 1510 2854 recens.
1606 2809 1607 2847 l

344 2884 574 2948 Reifferscheidii,
600 2903 626 2953 p.
646 2885 675 2949 4,
688 2885 715 2952 2)
739 2883 883 2952 tragodiae
907 2883 1025 2952 primum
1050 2882 1223 2937 inventorem
1249 2884 1386 2954 appellat,
1411 2889 1510 2939 contra
1605 2907 1606 2914 ¹

345 2971 465 3025 Pollucis
483 2971 676 3026 auctoritatem
690 2969 745 3023 vim
764 2969 866 3024 habere
885 2969 1040 3033 concedam,
1060 2987 1120 3023 cum
1139 2971 1194 3024 alia
1208 2973 1333 3025 veterum
1351 2971 1510 3028 testimonia

343 3057 482 3111 Euanthio
509 3058 620 3112 obstent
637 3073 727 3125 neque
751 3055 826 3125 apud
846 3055 1022 3110 Aristotelem
1046 3055 1077 3109 in
1095 3059 1156 3110 arte
1179 3056 1287 3124 poetica
1304 3055 1451 3125 quicquam
1474 3060 1510 3114 de

342 3143 478 3213 Thespide
496 3144 626 3199 tradatur
646 3143 690 3210 (cf.
711 3142 846 3198 Alherti
864 3142 1024 3196 Muelleri
1043 3143 1061 3197 l.
1080 3143 1098 3196 l.
1118 3161 1143 3211 p.
1161 3143 1218 3212 172,
1237 3144 1299 3197 adn.
1312 3146 1350 3212 2),
1379 3145 1508 3200 Ceterum

258 3239 267 3250 ¹
342 3230 453 3284 minoris
469 3231 596 3285 videatur
606 3229 748 3295 momenti,
768 3231 861 3283 utrum
875 3229 1023 3283 choreutae
1042 3228 1151 3282 cuidam
1170 3246 1205 3282 an
1223 3229 1273 3283 aiii
1291 3230 1342 3284 has
1353 3231 1509 3287 tribuamus

342 3320 443 3386 partes,
462 3318 608 3372 dummodo
626 3318 678 3372 hoc
697 3317 757 3371 loco
773 3316 807 3370 de
826 3313 935 3368 actione
947 3315 1067 3384 quadum
1083 3314 1224 3368 histrionis
1242 3315 1353 3385 propria
1366 3317 1507 3374 Pollucem

341 3403 419 3471 loqui
438 3404 622 3467 concedamus,
642 3405 683 3459 ita
701 3405 733 3456 ut
750 3420 782 3457 ex
801 3402 851 3456 illa
870 3419 964 3455 mensa
983 3400 1126 3471 pulpitum
1143 3417 1258 3457 scaenae
1277 3406 1401 3458 exortum
1421 3406 1506 3461 fuisse

341 3494 554 3545 consentaneum
577 3490 632 3546 fiat.
675 3491 732 3544 lam
758 3489 923 3559 Thespidem
951 3488 981 3541 in
1007 3488 1117 3558 pulpito
1141 3489 1258 3555 quodam
1284 3489 1391 3545 fabulas
1417 3490 1506 3560 egisse

340 3577 419 3633 nobis
438 3578 548 3646 quidem
567 3577 811 3632 Schneiderus
831 3576 876 3642 (de
894 3575 982 3645 origg.
1002 3576 1125 3645 tragoed.
1145 3575 1238 3629 Graec.
1257 3595 1283 3645 p.
1300 3579 1344 3644 56)
1362 3577 1506 3645 persuasit,

341 3680 429 3731 neque
448 3665 620 3731 dubitamus,
645 3663 711 3734 quin
731 3664 895 3732 Aeschylus,
919 3664 967 3731 qui
991 3662 1109 3716 secundo
1129 3660 1262 3716 histrione
1285 3661 1313 3715 in
1337 3662 1445 3716 fabulas
1463 3663 1503 3716 in-

339 3750 421 3805 ducto
446 3752 489 3820 (cf.
508 3750 621 3805 Aristot.
645 3751 743 3820 poetic.
766 3754 782 3804 4
804 3749 923 3816 Vahlen)
955 3749 985 3802 et
1015 3747 1125 3817 dialogo
1154 3747 1202 3815 qui
1233 3751 1347 3802 vocatur
1374 3748 1505 3806 instituto

339 3836 473 3906 ampliore
496 3840 621 3892 uteretur
644 3853 756 3897 scaena.
781 3835 898 3906 simplex
919 3833 1062 3903 Thespidis
1086 3832 1224 3901 pulpitum
1247 3834 1277 3887 in
1299 3835 1409 3906 lgeum
1433 3835 1504 3889 illud

339 3923 563 3989 commutaverim
594 3924 667 3991 quod
695 3922 815 3990 quaein
836 3921 905 3976 Vit.
933 3920 1098 3989 Aeschyl.
1122 3937 1146 3974 c.
1165 3920 1181 3973 2
1203 3851 1348 3990 leguntir:
1374 3924 1416 3975 sot
1438 3923 1503 3975 moli

338 4010 396 4068 toric
419 4013 468 4081 πρὸ
490 4010 568 4062 αὐτοῦ
592 4009 699 4078 ὑπερῆρε
721 4010 786 4060 κατά
809 4028 837 4060 τε
861 4010 909 4078 τήν
932 4014 1033 4076 ποίησιν
1057 4008 1098 4057 καὶ
1124 4007 1172 4074 τὴν
1197 4008 1315 4060 διάθεσιν
1341 4009 1389 4077 τῆς
1412 4008 1504 4078 σκηνῆς

337 4095 479 4150 illustrare
499 4096 633 4151 videntur.

405 4200 574 4269 tlDonat.
608 4202 644 4254 et
676 4198 826 4254 Euanth.
847 4200 1043 4266 comment.
1078 4197 1118 4251 de
1149 4197 1302 4251 comoed.
1336 4213 1369 4252 ex
1398 4214 1502 4254 reeens.

334 4287 453 4358 Augusti
472 4286 699 4353 Reifferscheidii,
723 4287 805 4341 index
828 4286 912 4341 schol.
940 4286 969 4338 in
994 4284 1113 4339 univers.
1138 4283 1285 4338 Vratislav.
1309 4300 1358 4352 per
1382 4283 1502 4339 hiemem

335 4374 403 4429 anni
423 4374 531 4442 1874175
550 4374 669 4429 habend.
689 4392 715 4443 p.
735 4374 759 4437 l,
773 4377 852 4441 13sq.
945 4413 949 4421 .
