3225 5200
668 464 706 549 'a

121 682 185 726 ιιοιι
209 670 355 743 possunt,
385 668 458 729 tuae
489 668 588 734 echeis
616 669 675 734 bur
696 669 820 732 ratione
839 670 914 730 sunt
934 667 1124 747 explicanda
1146 715 1275 731 .....

122 763 224 842 Atque
259 763 340 827 idem
376 764 440 830 fere
475 767 573 831 tradit
609 766 791 834 Plutarchus
828 764 948 847 (moral.
976 783 1006 845 p.
1036 766 1112 829 1096
1123 765 1177 845 Β);
1223 769 1276 830 καὶ

120 862 259 943 χαλκοῦν
279 863 484 946 Ἀλέξανδροι·
511 868 547 929 ἐν
567 867 677 952 Πέλλῃ
701 864 901 948 βουλόμενον
922 868 1057 948 ποιῆσαι
1077 865 1115 927 ed
1136 865 1277 950 προσκή-

121 987 202 1041 νιον,
232 963 291 1027 οὐκ
319 963 431 1029 εἴασεν
460 964 479 1029 ὁ
502 972 646 1050 τεχνίτης
675 968 716 1039 ῶς
741 966 988 1049 διαφθεροῦντα
1009 967 1075 1027 τῶν
1095 964 1278 1048 ὑποκριτῶν

120 1062 178 1150 τήν
196 1062 319 1151 φωνήν.
1057 1082 1063 1093 ·

201 1163 319 1227 Tamen
348 1163 430 1226 dicat
458 1163 538 1227 lorte
566 1164 716 1244 quispiam
743 1181 810 1227 cum
832 1162 1014 1227 Kaweravio
1036 1163 1069 1245 (l.
1086 1163 1106 1226 l.
1129 1182 1159 1244 p.
1184 1167 1275 1244 1739)

121 1281 264 1327 scaenam
293 1280 387 1344 quam
416 1281 471 1327 nos
501 1264 669 1327 retinemus
697 1263 911 1343 angustiorem
944 1262 1039 1327 fuisse
1067 1281 1160 1345 quam
1195 1280 1275 1342 quae

119 1363 311 1427 commodum
330 1364 461 1444 spatium
477 1362 678 1426 histrionibus
697 1362 887 1443 praebuerit.
932 1363 993 1428 Sed
1008 1364 1137 1444 primum
1150 1362 1274 1444 quidem

119 1463 317 1528 recordemur
347 1463 533 1529 Graecorum
563 1465 593 1528 in
626 1463 740 1528 fabulis
771 1463 856 1527 nullo
878 1462 943 1527 fere
965 1463 1033 1527 loco
1055 1464 1160 1545 plures
1181 1482 1273 1545 quam

120 1570 182 1627 tres
212 1563 261 1626 vel
291 1569 440 1644 quattuor
468 1562 634 1627 histriones
663 1564 770 1628 eodem
801 1571 939 1644 tempore
966 1564 998 1626 in
1023 1561 1111 1643 logeo
1132 1570 1274 1628 versatos

119 1662 223 1727 fnisse.
265 1662 345 1726 Nam
368 1662 556 1727 abhorrebat
575 1663 705 1743 simplex
721 1663 908 1728 Graecorum
932 1680 1041 1727 sensns
1064 1681 1082 1727 a
1105 1663 1274 1744 splendidis

120 1764 240 1844 pompis
271 1764 383 1843 quibus
413 1762 545 1827 Romani
579 1763 609 1826 in
639 1762 769 1826 theatris
798 1762 1044 1828 delectabantur.
1096 1763 1172 1828 Turn
1202 1783 1274 1828 vero

120 1869 246 1929 constat
277 1861 353 1926 illud
381 1863 535 1944 pulpitum
564 1862 662 1926 multo
692 1862 815 1941 longius
842 1880 934 1943 quam
963 1862 1058 1928 latius
1089 1863 1201 1944 fnisse,
1237 1869 1275 1928 ut

119 1964 254 2045 spatium
275 1961 438 2041 sufficeret,
460 1962 485 2025 si
508 1962 633 2044 quando
654 1963 760 2043 plnres
779 1963 873 2027 solito
891 1963 1056 2027 histriones
1071 1965 1275 2046 simnlpartcs

119 2064 266 2143 agebant.
309 2063 353 2126 Ac
372 2063 442 2142 quis
460 2062 576 2143 estqui
595 2074 687 2142 neget
704 2063 761 2126 hoc
778 2065 879 2145 modo,
901 2083 962 2147 quo
977 2064 1092 2143 singuli
1110 2065 1274 2129 histriones

118 2164 209 2244 quasi
236 2181 296 2227 uno
327 2158 357 2226 in
383 2162 491 2226 ordine
519 2161 597 2226 alins
627 2162 713 2226 iuxta
733 2162 828 2226 alium
851 2163 1136 2245 continuabantur,
1166 2164 1274 2229 melius

119 2281 173 2327 eos
195 2264 226 2326 in
247 2262 382 2326 omnium
403 2267 566 2342 conspectu
587 2260 683 2326 fnisse
705 2281 796 2344 qnam
819 2263 844 2326 si
865 2261 944 2326 alius
960 2269 1033 2342 post
1049 2263 1142 2327 alium
1157 2265 1273 2327 versati

118 2363 245 2426 essent?
292 2362 363 2442 Ipsa
398 2362 477 2426 enim
508 2360 622 2425 theatri
652 2362 824 2442 amplitudo
853 2361 1053 2443 postulabat,
1087 2370 1122 2427 nt
1152 2375 1274 2428 actores

117 2480 213 2544 quam
233 2462 365 2541 proximi
385 2462 615 2542 spectatoribus
632 2461 807 2526 adstarent.
849 2462 961 2525 lisdem
973 2461 1038 2526 fere
1048 2464 1151 2527 causis
1164 2462 1274 2528 Graeci

117 2556 402 2641 commovebantur,
425 2568 460 2626 nt
482 2562 592 2627 altiore
613 2567 776 2628 uterentur
788 2579 918 2627 scaenae
935 2562 1057 2643 pulpito
1076 2580 1166 2646 quarn
1186 2563 1273 2629 nobis

116 2680 201 2727 nuuc
230 2662 341 2741 placet.
390 2662 488 2743 Nam,
519 2668 554 2727 ut
583 2663 752 2744 primordia
780 2663 959 2742 tragoediae
981 2662 1119 2728 Graecae
1148 2663 1178 2727 in
1206 2683 1272 2729 car-

115 2761 253 2825 minibus
282 2763 322 2826 ad
346 2762 458 2827 Bacchi
484 2763 632 2827 honorem
654 2765 789 2830 cantatis
812 2764 998 2828 invenienda
1019 2771 1094 2828 sunt
1104 2765 1143 2846 ¹),
1174 2766 1219 2829 ita
1242 2767 1272 2829 in

114 2861 230 2946 fabulis
251 2862 408 2943 Aeschyli,
438 2861 610 2945 Sophoclis,
639 2863 796 2945 Euripidis
825 2865 1006 2945 saepissime
1031 2865 1197 2929 histriones
1220 2865 1273 2929 de-

116 2980 206 3025 orum
237 2962 285 3025 vel
315 2961 439 3027 heroum
469 2963 596 3027 deorum
627 2964 771 3028 similium
793 2970 901 3043 partes
923 2964 1067 3044 agebant.
1109 2966 1213 3045 Atque
1237 2981 1273 3028 eo

115 3062 289 3142 Aeschylus
318 3063 449 3127 altiores
472 3064 639 3128 cothurnos
662 3082 739 3145 quos
760 3064 892 3128 Romani
914 3064 1113 3144 appellabant
1136 3065 1166 3127 in
1188 3081 1273 3128 scae·

114 3178 191 3223 nam
218 3161 387 3243 induxit2)‚
415 3169 452 3227 ut
480 3164 623 3243 ingentes
651 3181 687 3228 ao
715 3182 813 3245 paene
842 3155 939 3228 divini
964 3164 1145 3228 viderentur
1167 3165 1271 3244 quiin

115 3261 208 3340 logeo
223 3261 441 3342 versabantur,
464 3265 577 3345 qnippe
597 3265 648 3345 qni
672 3265 733 3328 iam
754 3266 844 3334 vultu
865 3264 1035 3348 habituque
1056 3264 1095 3328 ab
1115 3263 1271 3326 hominnm

114 3367 233 3424 natura
277 3361 490 3427 abhorrerent.
557 3363 624 3441 Qua
667 3366 790 3429 ratione
833 3367 947 3446 optime
988 3364 1186 3444 fingebantur
1227 3361 1271 3425 illi

112 3460 274 3541 Ὀλύμπια
296 3462 419 3542 δώματ’
440 3466 565 3543 ἔχοντες
585 3473 679 3546 atque
701 3466 826 3529 ultimae
844 3466 1040 3546 antiquitatis
1053 3464 1172 3540 heroes,
1192 3478 1271 3542 qnos

114 3562 178 3624 iam
190 3561 345 3626 Homerus
367 3564 396 3627 iu
420 3565 519 3629 maius
541 3566 660 3630 extulit.
706 3565 789 3643 Quos
807 3565 1059 3647 siHoepkeninm
1078 3569 1111 3628 et
1126 3562 1272 3626 Kawera-

187 3783 213 3850 1)
233 3782 336 3852 optime
361 3784 432 3839 bano
451 3785 479 3839 in
499 3804 555 3841 rem
576 3787 719 3855 inquisivit
737 3787 976 3842 Schneiderus
1001 3786 1029 3839 iu
1048 3785 1119 3840 libro
1137 3801 1217 3853 quem
1238 3785 1271 3838 de

115 3868 269 3937 originibus
288 3871 446 3940 tragoediae
465 3873 584 3927 Graecae
603 3874 754 3945 composuit
772 3874 894 3943 (Vratisl.
914 3874 999 3941 1817).

186 3962 212 4031 2)
231 3962 290 4018 vib.
311 3966 481 4035 Aeschyli
499 3985 525 4036 p.
547 3967 592 4020 121
608 3986 647 4036 sq.
666 3968 765 4022 west:
783 3967 878 4029 μείζοσί
895 3989 922 4018 τε
941 3978 992 4026 τοῖς
1009 3970 1136 4034 κοθόρνοις
1153 3973 1271 4035 μετεωρί-

113 4070 169 4108 σας.
197 4048 281 4103 Plura
290 4051 324 4104 de
333 4051 474 4105 cothurnis
484 4052 605 4107 invenies
617 4057 690 4124 apud
702 4056 811 4109 Somm
819 4054 899 4108 erbr
908 4054 947 4106 od
957 4051 1043 4105 tium
1060 4053 1078 4105 l.
1088 4052 1106 4106 l.
1117 4071 1142 4122 p.
1154 4054 1204 4106 192
1211 4071 1270 4121 sqq.

115 4135 293 4189 Albertns
311 4138 507 4193 Muellerus
525 4140 554 4208 (l.
574 4140 591 4194 l.
609 4160 636 4211 p.
654 4142 765 4208 alosq.)
785 4138 973 4210 comprobavit
990 4137 1142 4202 histriones,
1162 4137 1210 4204 qni
1229 4136 1271 4189 in-

115 4220 228 4275 feriores
244 4227 336 4291 partes
354 4224 471 4293 egerint,
489 4225 682 4281 humilioribus
700 4244 762 4280 noos
780 4227 862 4280 fuisse
873 4225 1022 4294 cothurnis,
1041 4224 1137 4292 quales
1146 4222 1271 4292 depinxit

115 4306 335 4363 Wieselerus
352 4310 379 4363 in
400 4328 518 4368 monum.
537 4313 650 4368 soaemc.
669 4313 754 4367 tabnl.
775 4313 856 4379 1x‚1.
