3225 5200
689 490 730 554 tr

130 686 204 732 curn
226 667 386 748 Iphigenia
407 666 596 748 parvuloque
619 668 745 749 Oreste,
766 669 1067 735 Andromachamviu
1089 671 1289 736 Troadum

131 786 161 831 v.
176 768 236 831 569
253 766 396 830 curribus
413 765 443 831 in
463 766 652 830 orchestram
671 768 807 833 invectas
831 786 898 832 esse
916 768 1003 832 facile
1024 756 1072 834 est
1090 769 1248 837 intellectu
1258 770 1290 854 ¹).

218 866 344 929 Diutius
381 883 604 928 commoremur
641 866 671 929 iu
701 867 1009 946 Agamemnonis
1046 868 1179 951 quodam
1215 869 1290 949 loco,

130 983 257 1029 versum
288 965 355 1028 dico
385 970 443 1029 749
475 970 507 1027 et
536 972 715 1049 sequentes
743 984 804 1046 quo
833 969 1045 1046 Agamemnon
1068 968 1159 1032 Troia
1188 968 1290 1032 deleta

131 1083 204 1129 cum
240 1064 336 1127 multo
372 1081 546 1147 magnoque
585 1066 732 1129 comitatu
768 1065 798 1128 iu
834 1067 968 1145 patriam
1004 1066 1129 1131 rediens
1158 1065 1291 1146 fingitur.

131 1164 194 1228 Hic
221 1165 328 1243 itaque
355 1182 411 1243 per
442 1182 584 1244 pompam
624 1164 839 1245 triumphalem
866 1184 927 1230 uua
957 1184 1026 1230 curn
1057 1166 1233 1245 Cassandra
1259 1167 1290 1230 iu

131 1263 325 1327 orchestram
357 1280 450 1326 curru
478 1261 650 1343 provehens
678 1266 812 1345 primum
834 1283 852 1328 a
874 1264 965 1329 choro
996 1266 1106 1344 viginti
1130 1274 1200 1331 octo
1224 1286 1292 1331 ver-

130 1362 220 1427 sibus
241 1361 450 1442 (vv.749-76),
473 1369 538 1425 tum
561 1380 579 1424 a
599 1361 849 1442 Clytaemnestra
860 1366 968 1431 multis
996 1365 1097 1430 verbis
1121 1366 1290 1443 salutatum

130 1446 248 1544 quibus
270 1461 422 1525 absolutis
445 1461 569 1525 taudem
594 1481 670 1526 uuor
692 1463 731 1526 ab
756 1482 791 1528 eo
815 1464 905 1544 petit,
923 1471 957 1528 ut
979 1464 1009 1528 iu
1034 1466 1157 1531 domum
1175 1467 1292 1546 regiam

130 1581 167 1628 se
189 1560 345 1627 conferat:
1075 1554 1077 1557 ’

257 1663 315 1723 νῦν
338 1661 377 1723 da‘
395 1681 458 1740 μοι,
480 1661 574 1742 φίλαν
595 1660 680 1742 κάρα

257 1760 375 1841 ἔκβαιν’
397 1758 526 1843 αἰτήνης
546 1762 648 1845 τῆσδε
670 1760 712 1842 (v.
724 1760 784 1823 872
796 1758 857 1842 sq.)

131 1864 229 1941 atquc
249 1861 406 1933 ministras
424 1876 505 1941 quae
527 1867 699 1943 sequuntur
719 1859 824 1924 iubet:

258 1958 373 2038 δμῶαι,
391 1963 426 2021 τί
444 1957 586 2037 μέλλεθ’,
609 1949 660 2032 αἷς
681 1958 879 2022 ἐπέσταλται
898 1960 986 2031 τέλος
1065 2027 1067 2032 ,

254 2058 356 2120 πέδον
377 2056 536 2120 κελεύθου
557 2058 757 2139 στρωννύναι
779 2059 1007 2139 uerecundum
1029 2058 1219 2142 (v.8758q.),

131 2174 215 2236 quae
242 2157 336 2221 verba
365 2166 474 2239 aperte
504 2160 661 2241 quadrant
694 2160 733 2223 ad
770 2159 871 2222 scalas
901 2158 970 2221 illas
999 2158 1192 2222 orchestram
1222 2178 1290 2223 curn

130 2256 221 2335 logeo
245 2253 465 2337 coniungentes
476 2258 510 2338 ²).
552 2257 628 2322 Aliis
658 2277 781 2341 quoque
810 2257 983 2321 fabularum
1005 2258 1080 2322 locis
1102 2259 1139 2322 de
1160 2276 1290 2322 ascensu

130 2355 174 2419 ad
196 2356 318 2436 logeum
339 2357 455 2436 agitur,
477 2362 513 2421 ut
535 2359 564 2420 iu
588 2358 695 2421 lonis
717 2358 829 2438 r.735,
852 2376 918 2421 curn
938 2356 1054 2421 Creusa
1076 2358 1288 2438 paedagogum

129 2473 236 2519 senem
260 2456 423 2521 admonet:
611 2531 613 2534 Α
716 2454 720 2461 ’

254 2558 368 2639 ἔπαιρε
385 2557 508 2620 σαυτὸν
529 2557 611 2637 πρὸς
632 2559 715 2622 θεοῦ
731 2555 916 2641 χρηστήρια,

129 2658 217 2737 isque
239 2657 426 2739 respondet:

191 2773 193 2776 “
242 2757 318 2844 ,ἕλχ’
340 2757 410 2819 ἕλκε
432 2756 513 2836 πρὸς
533 2756 685 2838 μέλαθρα
706 2758 759 2820 καὶ
783 2759 892 2839 καμίζέ
909 2753 950 2837 με

253 2857 375 2919 αἰπεινοὶ
398 2857 436 2919 δέ
455 2879 509 2937 μοι
530 2860 669 2936 μαντεῖα
690 2858 729 2940 (v.
745 2861 803 2920 746
816 2856 886 2940 sq.)‚
970 2909 972 2914 .

133 2951 221 3037 quae'
241 2956 322 3020 inter
350 2956 446 3020 rerba
476 2956 567 3020 ambo
599 2974 695 3036 supra
724 2956 825 3021 scalas
856 2956 976 3036 logeum
1005 2955 1178 3019 ascendunt
1200 2952 1289 3019 etad

130 3055 280 3134 templum
303 3043 532 3137 perveniuntss).
702 3047 705 3054 ’

214 3156 246 3219 ln
289 3155 504 3236 Aristophanis
543 3154 754 3235 Vesparurn
789 3174 818 3218 v.
840 3156 918 3219 taac
954 3148 1178 3218 Philocleouem
1216 3170 1285 3215 cum

131 3253 259 3318 tibicina
287 3272 342 3335 per
371 3254 510 3317 dextram
538 3254 691 3334 paredum
720 3254 751 3317 in
774 3254 965 3318 orchestram
988 3252 1139 3333 prodiisse
1161 3269 1197 3314 er
1218 3250 1288 3330 ipsa

202 3442 227 3507 ll
251 3442 404 3496 accuratius
422 3444 456 3497 de
479 3443 522 3496 his
542 3444 606 3496 locis
623 3443 784 3513 disputabat
806 3442 1090 3497 Schoenbornius
1108 3441 1136 3493 in
1157 3457 1219 3508 pag.
1229 3440 1288 3501 204,

131 3528 182 3581 231
202 3530 246 3596 (=
264 3523 421 3597 Ge'ppert.
440 3531 457 3583 l.
477 3531 495 3583 l.
513 3530 603 3599 pU39),
627 3534 656 3583 et
674 3547 738 3600 pag.
749 3531 807 3594 238,
827 3530 868 3583 39.

201 3614 227 3684 2)
253 3614 531 3669 Schoenbornius
556 3618 592 3684 (p.
606 3618 653 3669 163
676 3619 728 3684 sq.)
754 3619 783 3669 et
808 3614 1029 3685 Geppertius
1051 3612 1185 3681 (p.37l38)
1207 3612 1288 3679 plane

131 3689 272 3754 nobiscum
303 3702 485 3758 consentiunt.
522 3705 613 3769 Atque
645 3703 842 3765 Genellius,
873 3702 919 3769 qui
950 3701 1053 3770 primus
1079 3699 1134 3752 fere
1166 3696 1288 3764 quamvis

132 3785 235 3840 maiore
268 3804 330 3840 cum
353 3787 465 3856 ingenio
495 3805 579 3856 quam
610 3788 756 3858 diligentia
784 3788 854 3842 libro
882 3790 915 3842 de
944 3786 1152 3841 Atheniensium
1179 3784 1288 3836 theatro

119 3871 213 3936 ‘sBerl
232 3890 257 3925 u.
281 3872 354 3941 Leip.
376 3873 451 3939 1818)
469 3890 512 3928 res
531 3874 667 3928 scaenicas
691 3875 842 3938 tractabat,
861 3874 955 3928 eadem
975 3876 1008 3926 de
1027 3872 1155 3925 hocloco
1173 3868 1289 3938 protulit

133 3958 161 4024 (l.
182 3957 244 4025 lp.
265 3959 312 4011 176
330 3961 408 4027 sqql.

199 4043 225 4102 31
243 4043 316 4097 idem
339 4044 457 4098 invenies
483 4046 557 4113 apud
574 4046 804 4117 Geppertium
825 4049 862 4116 (p.
876 4047 962 4112 28l28)
982 4049 1065 4113 atque
1083 4046 1288 4099 Kolsterum

132 4128 161 4195 (l.
181 4129 199 4183 l.
223 4145 249 4197 p.
269 4131 300 4184 15
319 4133 380 4210 aa),
403 4130 450 4198 qui
469 4130 571 4198 optime
590 4132 719 4186 disseruit
740 4133 792 4188 hoc
810 4134 869 4186 loco
887 4134 920 4186 de
937 4131 1017 4185 scalis
1035 4131 1197 4199 quibusdam
1217 4147 1288 4197 quae

130 4213 158 4266 iu
179 4214 258 4283 logeo
275 4218 311 4269 ad
327 4218 460 4285 templum
479 4216 585 4270 aditum
601 4218 786 4286 praebuerint,
804 4219 877 4288 quod
896 4216 1182 4273 Schoenbornius
1200 4216 1287 4269 voluit

132 4304 169 4368 (p,
184 4300 217 4354 79
235 4306 263 4355 et
285 4302 350 4371 177),
370 4302 487 4372 cogitari
505 4319 559 4357 non
577 4320 662 4373 posse.
