<?xml version="1.0" encoding="UTF-8"?>
<!DOCTYPE html PUBLIC "-//W3C//DTD XHTML 1.0 Transitional//EN"
    "http://www.w3.org/TR/xhtml1/DTD/xhtml1-transitional.dtd">
<html xmlns="http://www.w3.org/1999/xhtml" xml:lang="en" lang="en">
 <head>
  <title>
</title>
<meta http-equiv="Content-Type" content="text/html;charset=utf-8" />
  <meta name='ocr-system' content='tesseract 3.04.00' />
  <meta name='ocr-capabilities' content='ocr_page ocr_carea ocr_par ocr_line ocrx_word'/>
</head>
<body>
  <div class='ocr_page' id='page_1' title='image "./quaestionesscae00harzgoog_0042.png"; bbox 0 0 3225 5200; ppageno 0'>
   <div class='ocr_carea' id='block_1_1' title="bbox 0 279 2 865">
    <p class='ocr_par' dir='ltr' id='par_1_1' title="bbox 0 279 2 865">
     <span class='ocr_line' id='line_1_1' title="bbox 0 279 2 865; baseline 0 0"><span class='ocrx_word' id='word_1_1' title='bbox 0 279 2 865; x_wconf 95' lang='lat' dir='ltr'> </span> 
     </span>
    </p>
   </div>
   <div class='ocr_carea' id='block_1_2' title="bbox 902 487 941 551">
    <p class='ocr_par' dir='ltr' id='par_1_2' title="bbox 902 487 941 551">
     <span class='ocr_line' id='line_1_2' title="bbox 902 487 941 551; baseline -0.026 0"><span class='ocrx_word' id='word_1_2' title='bbox 902 487 941 551; x_wconf 80' lang='lat'>34</span> 
     </span>
    </p>
   </div>
   <div class='ocr_carea' id='block_1_3' title="bbox 344 664 1507 851">
    <p class='ocr_par' dir='ltr' id='par_1_3' title="bbox 344 664 1507 851">
     <span class='ocr_line' id='line_1_3' title="bbox 344 664 1507 751; baseline 0.002 -18"><span class='ocrx_word' id='word_1_3' title='bbox 344 687 458 751; x_wconf 86' lang='lat' dir='ltr'>eosque</span> <span class='ocrx_word' id='word_1_4' title='bbox 479 668 508 731; x_wconf 93' lang='lat' dir='ltr'>in</span> <span class='ocrx_word' id='word_1_5' title='bbox 531 667 592 731; x_wconf 90' lang='lat' dir='ltr'>line</span> <span class='ocrx_word' id='word_1_6' title='bbox 613 664 787 729; x_wconf 88' lang='lat' dir='ltr'>comoediae</span> <span class='ocrx_word' id='word_1_7' title='bbox 809 682 863 729; x_wconf 92' lang='lat' dir='ltr'>rus</span> <span class='ocrx_word' id='word_1_8' title='bbox 884 667 1073 732; x_wconf 81' lang='lat' dir='ltr'>comitentur</span> <span class='ocrx_word' id='word_1_9' title='bbox 1095 686 1149 749; x_wconf 90' lang='lat' dir='ltr'>per</span> <span class='ocrx_word' id='word_1_10' title='bbox 1166 687 1309 749; x_wconf 84' lang='lat' dir='ltr'><strong>pompam</strong></span> <span class='ocrx_word' id='word_1_11' title='bbox 1325 670 1507 750; x_wconf 77' lang='lat' dir='ltr'>nuptialem,</span> 
     </span>
     <span class='ocr_line' id='line_1_4' title="bbox 344 765 1395 851; baseline 0 -17"><span class='ocrx_word' id='word_1_12' title='bbox 344 788 435 851; x_wconf 87' lang='lat' dir='ltr'>quam</span> <span class='ocrx_word' id='word_1_13' title='bbox 458 787 513 849; x_wconf 90' lang='lat' dir='ltr'>per</span> <span class='ocrx_word' id='word_1_14' title='bbox 536 765 726 830; x_wconf 80' lang='lat' dir='ltr'>orchestram</span> <span class='ocrx_word' id='word_1_15' title='bbox 750 766 810 829; x_wconf 92' lang='lat' dir='ltr'>iter</span> <span class='ocrx_word' id='word_1_16' title='bbox 831 766 941 830; x_wconf 87' lang='lat' dir='ltr'>iecisse</span> <span class='ocrx_word' id='word_1_17' title='bbox 962 775 1200 833; x_wconf 87' lang='lat' dir='ltr'>consentaneum</span> <span class='ocrx_word' id='word_1_18' title='bbox 1226 770 1352 833; x_wconf 89' lang='lat' dir='ltr'>videtur</span> <span class='ocrx_word' id='word_1_19' title='bbox 1363 771 1395 851; x_wconf 86' lang='lat'>¹).</span> 
     </span>
    </p>
   </div>
   <div class='ocr_carea' id='block_1_4' title="bbox 340 895 1506 1591">
    <p class='ocr_par' dir='ltr' id='par_1_4' title="bbox 340 895 1506 1591">
     <span class='ocr_line' id='line_1_5' title="bbox 425 895 1505 983; baseline 0.005 -21"><span class='ocrx_word' id='word_1_20' title='bbox 425 899 584 963; x_wconf 86' lang='lat' dir='ltr'>Plutum</span> <span class='ocrx_word' id='word_1_21' title='bbox 616 897 645 960; x_wconf 91' lang='lat' dir='ltr'>in</span> <span class='ocrx_word' id='word_1_22' title='bbox 681 895 742 960; x_wconf 87' lang='lat' dir='ltr'>fine</span> <span class='ocrx_word' id='word_1_23' title='bbox 780 897 970 975; x_wconf 84' lang='lat' dir='ltr'>cognominis</span> <span class='ocrx_word' id='word_1_24' title='bbox 1006 899 1180 964; x_wconf 89' lang='lat' dir='ltr'>comoediae</span> <span class='ocrx_word' id='word_1_25' title='bbox 1216 899 1397 983; x_wconf 86' lang='lat' dir='ltr'>Chremylus</span> <span class='ocrx_word' id='word_1_26' title='bbox 1435 921 1505 969; x_wconf 89' lang='lat' dir='ltr'>curn</span> 
     </span>
     <span class='ocr_line' id='line_1_6' title="bbox 343 995 1506 1084; baseline 0.003 -20"><span class='ocrx_word' id='word_1_27' title='bbox 343 1000 456 1065; x_wconf 91' lang='lat' dir='ltr'>ceteris</span> <span class='ocrx_word' id='word_1_28' title='bbox 479 1000 509 1061; x_wconf 92' lang='lat' dir='ltr'>in</span> <span class='ocrx_word' id='word_1_29' title='bbox 534 996 680 1077; x_wconf 91' lang='lat' dir='ltr'>templum</span> <span class='ocrx_word' id='word_1_30' title='bbox 709 995 877 1075; x_wconf 87' lang='lat' dir='ltr'>Minervae,</span> <span class='ocrx_word' id='word_1_31' title='bbox 899 997 982 1079; x_wconf 88' lang='lat' dir='ltr'>quod</span> <span class='ocrx_word' id='word_1_32' title='bbox 1006 1005 1095 1061; x_wconf 85' lang='lat' dir='ltr'>extra</span> <span class='ocrx_word' id='word_1_33' title='bbox 1122 1013 1263 1063; x_wconf 86' lang='lat' dir='ltr'>scaenam</span> <span class='ocrx_word' id='word_1_34' title='bbox 1286 1002 1380 1065; x_wconf 91' lang='lat' dir='ltr'>situm</span> <span class='ocrx_word' id='word_1_35' title='bbox 1404 1002 1506 1084; x_wconf 82' lang='lat' dir='ltr'>finge-</span> 
     </span>
     <span class='ocr_line' id='line_1_7' title="bbox 343 1097 1505 1179; baseline 0.003 -15"><span class='ocrx_word' id='word_1_36' title='bbox 343 1100 448 1179; x_wconf 84' lang='lat' dir='ltr'>batur,</span> <span class='ocrx_word' id='word_1_37' title='bbox 469 1115 582 1178; x_wconf 79' lang='lat' dir='ltr'>magna</span> <span class='ocrx_word' id='word_1_38' title='bbox 604 1113 717 1177; x_wconf 91' lang='lat' dir='ltr'>pompa</span> <span class='ocrx_word' id='word_1_39' title='bbox 738 1097 912 1160; x_wconf 88' lang='lat' dir='ltr'>comitatur.</span> <span class='ocrx_word' id='word_1_40' title='bbox 956 1097 1038 1174; x_wconf 83' lang='lat' dir='ltr'>Quos</span> <span class='ocrx_word' id='word_1_41' title='bbox 1061 1105 1201 1163; x_wconf 90' lang='lat' dir='ltr'>secutum</span> <span class='ocrx_word' id='word_1_42' title='bbox 1221 1119 1289 1164; x_wconf 90' lang='lat' dir='ltr'>esse</span> <span class='ocrx_word' id='word_1_43' title='bbox 1309 1101 1433 1166; x_wconf 91' lang='lat' dir='ltr'>chorum</span> <span class='ocrx_word' id='word_1_44' title='bbox 1453 1110 1505 1168; x_wconf 90' lang='lat' dir='ltr'>at-</span> 
     </span>
     <span class='ocr_line' id='line_1_8' title="bbox 342 1195 1503 1282; baseline 0.004 -19"><span class='ocrx_word' id='word_1_45' title='bbox 342 1219 401 1281; x_wconf 91' lang='lat' dir='ltr'>que</span> <span class='ocrx_word' id='word_1_46' title='bbox 415 1200 537 1278; x_wconf 85' lang='lat' dir='ltr'>logeum</span> <span class='ocrx_word' id='word_1_47' title='bbox 554 1195 732 1261; x_wconf 81' lang='lat' dir='ltr'>ascendisse</span> <span class='ocrx_word' id='word_1_48' title='bbox 745 1196 914 1277; x_wconf 85' lang='lat' dir='ltr'>maluerim,</span> <span class='ocrx_word' id='word_1_49' title='bbox 937 1215 1029 1280; x_wconf 90' lang='lat' dir='ltr'>quam</span> <span class='ocrx_word' id='word_1_50' title='bbox 1048 1199 1134 1281; x_wconf 88' lang='lat' dir='ltr'>quod</span> <span class='ocrx_word' id='word_1_51' title='bbox 1154 1217 1223 1264; x_wconf 89' lang='lat' dir='ltr'>cum</span> <span class='ocrx_word' id='word_1_52' title='bbox 1243 1200 1503 1282; x_wconf 72' lang='lat' dir='ltr'>Schoenborni02)</span> 
     </span>
     <span class='ocr_line' id='line_1_9' title="bbox 341 1295 1504 1387; baseline 0.005 -25"><span class='ocrx_word' id='word_1_53' title='bbox 341 1303 383 1381; x_wconf 89' lang='lat' dir='ltr'>(p.</span> <span class='ocrx_word' id='word_1_54' title='bbox 398 1299 473 1380; x_wconf 84' lang='grc'>297)</span> <span class='ocrx_word' id='word_1_55' title='bbox 496 1299 663 1362; x_wconf 78' lang='lat' dir='ltr'>histriones</span> <span class='ocrx_word' id='word_1_56' title='bbox 685 1296 715 1360; x_wconf 93' lang='lat' dir='ltr'>in</span> <span class='ocrx_word' id='word_1_57' title='bbox 736 1295 927 1369; x_wconf 87' lang='lat' dir='ltr'>orchestram</span> <span class='ocrx_word' id='word_1_58' title='bbox 949 1297 1108 1375; x_wconf 88' lang='lat' dir='ltr'>deducam,</span> <span class='ocrx_word' id='word_1_59' title='bbox 1131 1300 1276 1381; x_wconf 84' lang='lat' dir='ltr'>quoniam</span> <span class='ocrx_word' id='word_1_60' title='bbox 1294 1302 1404 1376; x_wconf 78' lang='grc' dir='ltr'><em>ἔξοδος</em></span> <span class='ocrx_word' id='word_1_61' title='bbox 1420 1322 1504 1387; x_wconf 88' lang='lat' dir='ltr'>quae</span> 
     </span>
     <span class='ocr_line' id='line_1_10' title="bbox 342 1397 1503 1484; baseline 0.003 -20"><span class='ocrx_word' id='word_1_62' title='bbox 342 1400 455 1464; x_wconf 90' lang='lat' dir='ltr'>dicitnr</span> <span class='ocrx_word' id='word_1_63' title='bbox 485 1398 557 1462; x_wconf 92' lang='lat' dir='ltr'>huic</span> <span class='ocrx_word' id='word_1_64' title='bbox 585 1397 710 1462; x_wconf 86' lang='lat' dir='ltr'>fabulae</span> <span class='ocrx_word' id='word_1_65' title='bbox 742 1397 840 1476; x_wconf 91' lang='lat' dir='ltr'>deest,</span> <span class='ocrx_word' id='word_1_66' title='bbox 869 1415 960 1478; x_wconf 88' lang='lat' dir='ltr'>quam</span> <span class='ocrx_word' id='word_1_67' title='bbox 991 1400 1017 1462; x_wconf 94' lang='lat' dir='ltr'>si</span> <span class='ocrx_word' id='word_1_68' title='bbox 1044 1399 1185 1463; x_wconf 89' lang='lat' dir='ltr'>sollemni</span> <span class='ocrx_word' id='word_1_69' title='bbox 1212 1401 1261 1464; x_wconf 88' lang='lat' dir='ltr'>via</span> <span class='ocrx_word' id='word_1_70' title='bbox 1289 1420 1306 1465; x_wconf 88' lang='lat' dir='ltr'>e</span> <span class='ocrx_word' id='word_1_71' title='bbox 1335 1411 1503 1484; x_wconf 91' lang='lat' dir='ltr'>conspectu</span> 
     </span>
     <span class='ocr_line' id='line_1_11' title="bbox 340 1496 1120 1591; baseline -0.003 -27"><span class='ocrx_word' id='word_1_72' title='bbox 340 1501 500 1564; x_wconf 90' lang='lat' dir='ltr'>venissent</span> <span class='ocrx_word' id='word_1_73' title='bbox 521 1498 687 1591; x_wconf 88' lang='lat' dir='ltr'>choreutae</span> <span class='ocrx_word' id='word_1_74' title='bbox 707 1496 791 1562; x_wconf 87' lang='lat' dir='ltr'>haud</span> <span class='ocrx_word' id='word_1_75' title='bbox 814 1496 904 1561; x_wconf 91' lang='lat' dir='ltr'>dubie</span> <span class='ocrx_word' id='word_1_76' title='bbox 924 1499 1120 1563; x_wconf 82' lang='lat' dir='ltr'>cecinissent.</span> 
     </span>
    </p>
   </div>
   <div class='ocr_carea' id='block_1_5' title="bbox 338 1628 1503 2111">
    <p class='ocr_par' dir='ltr' id='par_1_5' title="bbox 338 1628 1503 2111">
     <span class='ocr_line' id='line_1_12' title="bbox 423 1628 1502 1716; baseline 0.004 -21"><span class='ocrx_word' id='word_1_77' title='bbox 423 1632 458 1695; x_wconf 88' lang='lat' dir='ltr'>ln</span> <span class='ocrx_word' id='word_1_78' title='bbox 490 1632 627 1695; x_wconf 81' lang='lat' dir='ltr'>Avium</span> <span class='ocrx_word' id='word_1_79' title='bbox 657 1651 685 1694; x_wconf 89' lang='lat' dir='ltr'>v.</span> <span class='ocrx_word' id='word_1_80' title='bbox 704 1629 764 1692; x_wconf 74' lang='lat' dir='ltr'>aad</span> <span class='ocrx_word' id='word_1_81' title='bbox 794 1628 906 1693; x_wconf 90' lang='lat' dir='ltr'>chorus</span> <span class='ocrx_word' id='word_1_82' title='bbox 935 1630 1084 1710; x_wconf 89' lang='lat' dir='ltr'>impetum</span> <span class='ocrx_word' id='word_1_83' title='bbox 1112 1632 1187 1696; x_wconf 90' lang='lat' dir='ltr'>iacit</span> <span class='ocrx_word' id='word_1_84' title='bbox 1210 1633 1239 1696; x_wconf 93' lang='lat' dir='ltr'>in</span> <span class='ocrx_word' id='word_1_85' title='bbox 1262 1633 1427 1698; x_wconf 87' lang='lat' dir='ltr'>histriones</span> <span class='ocrx_word' id='word_1_86' title='bbox 1447 1636 1502 1716; x_wconf 90' lang='lat' dir='ltr'>qui</span> 
     </span>
     <span class='ocr_line' id='line_1_13' title="bbox 339 1729 1503 1814; baseline 0.002 -18"><span class='ocrx_word' id='word_1_87' title='bbox 339 1733 371 1796; x_wconf 92' lang='lat' dir='ltr'>in</span> <span class='ocrx_word' id='word_1_88' title='bbox 391 1749 504 1796; x_wconf 89' lang='lat' dir='ltr'>scaena</span> <span class='ocrx_word' id='word_1_89' title='bbox 524 1737 700 1811; x_wconf 88' lang='lat' dir='ltr'>versantur,</span> <span class='ocrx_word' id='word_1_90' title='bbox 722 1729 776 1792; x_wconf 91' lang='lat' dir='ltr'>sed</span> <span class='ocrx_word' id='word_1_91' title='bbox 799 1729 904 1809; x_wconf 92' lang='lat' dir='ltr'>paullo</span> <span class='ocrx_word' id='word_1_92' title='bbox 919 1738 990 1810; x_wconf 91' lang='lat' dir='ltr'>post</span> <span class='ocrx_word' id='word_1_93' title='bbox 1008 1748 1081 1795; x_wconf 90' lang='lat' dir='ltr'>aves</span> <span class='ocrx_word' id='word_1_94' title='bbox 1102 1750 1225 1812; x_wconf 85' lang='lat' dir='ltr'>upupae</span> <span class='ocrx_word' id='word_1_95' title='bbox 1243 1732 1347 1796; x_wconf 90' lang='lat' dir='ltr'>verbis</span> <span class='ocrx_word' id='word_1_96' title='bbox 1371 1741 1503 1814; x_wconf 87' lang='lat' dir='ltr'>pacatae</span> 
     </span>
     <span class='ocr_line' id='line_1_14' title="bbox 339 1822 1500 1913; baseline 0.001 -17"><span class='ocrx_word' id='word_1_97' title='bbox 339 1833 370 1896; x_wconf 94' lang='lat' dir='ltr'>in</span> <span class='ocrx_word' id='word_1_98' title='bbox 389 1830 581 1896; x_wconf 87' lang='lat' dir='ltr'>orchestram</span> <span class='ocrx_word' id='word_1_99' title='bbox 600 1822 768 1908; x_wconf 78' lang='lat' dir='ltr'>rerieunt⁸)</span> <span class='ocrx_word' id='word_1_100' title='bbox 796 1827 836 1911; x_wconf 89' lang='lat' dir='ltr'>(v.</span> <span class='ocrx_word' id='word_1_101' title='bbox 849 1830 931 1909; x_wconf 81' lang='lat' dir='ltr'>rob).</span> <span class='ocrx_word' id='word_1_102' title='bbox 975 1832 1077 1913; x_wconf 81' lang='lat' dir='ltr'>Atque</span> <span class='ocrx_word' id='word_1_103' title='bbox 1087 1831 1166 1895; x_wconf 84' lang='lat' dir='ltr'>idern</span> <span class='ocrx_word' id='word_1_104' title='bbox 1183 1822 1219 1895; x_wconf 85' lang='lat' dir='ltr'>iit</span> <span class='ocrx_word' id='word_1_105' title='bbox 1229 1832 1259 1895; x_wconf 95' lang='lat' dir='ltr'>in</span> <span class='ocrx_word' id='word_1_106' title='bbox 1277 1832 1350 1897; x_wconf 88' lang='lat' dir='ltr'>Ves</span> <span class='ocrx_word' id='word_1_107' title='bbox 1358 1851 1500 1913; x_wconf 89' lang='lat' dir='ltr'>parum</span> 
     </span>
     <span class='ocr_line' id='line_1_15' title="bbox 340 1928 1503 2014; baseline 0.002 -19"><span class='ocrx_word' id='word_1_108' title='bbox 340 1953 366 1996; x_wconf 87' lang='lat' dir='ltr'>r.</span> <span class='ocrx_word' id='word_1_109' title='bbox 380 1933 449 2011; x_wconf 85' lang='grc'>422,</span> <span class='ocrx_word' id='word_1_110' title='bbox 478 1949 540 2014; x_wconf 88' lang='lat' dir='ltr'>quo</span> <span class='ocrx_word' id='word_1_111' title='bbox 568 1930 652 1995; x_wconf 92' lang='lat' dir='ltr'>chori</span> <span class='ocrx_word' id='word_1_112' title='bbox 680 1947 771 1994; x_wconf 87' lang='lat' dir='ltr'>senes</span> <span class='ocrx_word' id='word_1_113' title='bbox 788 1928 973 1994; x_wconf 91' lang='lat' dir='ltr'>Philocleoni</span> <span class='ocrx_word' id='word_1_114' title='bbox 996 1936 1214 1996; x_wconf 87' lang='lat' dir='ltr'>succurrentes</span> <span class='ocrx_word' id='word_1_115' title='bbox 1236 1933 1342 1996; x_wconf 88' lang='lat' dir='ltr'>statim</span> <span class='ocrx_word' id='word_1_116' title='bbox 1361 1951 1380 1996; x_wconf 87' lang='lat' dir='ltr'>a</span> <span class='ocrx_word' id='word_1_117' title='bbox 1401 1935 1503 1998; x_wconf 88' lang='lat' dir='ltr'>servis</span> 
     </span>
     <span class='ocr_line' id='line_1_16' title="bbox 338 2030 877 2111; baseline -0.009 -14"><span class='ocrx_word' id='word_1_118' title='bbox 338 2033 369 2097; x_wconf 93' lang='lat' dir='ltr'>in</span> <span class='ocrx_word' id='word_1_119' title='bbox 392 2032 584 2098; x_wconf 86' lang='lat' dir='ltr'>orchestram</span> <span class='ocrx_word' id='word_1_120' title='bbox 605 2030 816 2111; x_wconf 86' lang='lat' dir='ltr'>repulsantur.</span> <span class='ocrx_word' id='word_1_121' title='bbox 874 2048 877 2051; x_wconf 76' lang='grc'><strong>’</strong></span> 
     </span>
    </p>
   </div>
   <div class='ocr_carea' id='block_1_6' title="bbox 337 2161 1503 2547">
    <p class='ocr_par' dir='ltr' id='par_1_6' title="bbox 337 2161 1503 2547">
     <span class='ocr_line' id='line_1_17' title="bbox 425 2161 1502 2248; baseline 0.003 -20"><span class='ocrx_word' id='word_1_122' title='bbox 425 2163 641 2244; x_wconf 80' lang='lat' dir='ltr'>Aristophanis</span> <span class='ocrx_word' id='word_1_123' title='bbox 661 2162 899 2243; x_wconf 84' lang='lat' dir='ltr'>Lysistrate</span> <span class='ocrx_word' id='word_1_124' title='bbox 925 2161 1015 2224; x_wconf 87' lang='lat' dir='ltr'>valde</span> <span class='ocrx_word' id='word_1_125' title='bbox 1035 2162 1184 2228; x_wconf 87' lang='lat' dir='ltr'>abhorret</span> <span class='ocrx_word' id='word_1_126' title='bbox 1205 2182 1224 2227; x_wconf 90' lang='lat' dir='ltr'>a</span> <span class='ocrx_word' id='word_1_127' title='bbox 1246 2165 1356 2229; x_wconf 87' lang='lat' dir='ltr'>ceteris</span> <span class='ocrx_word' id='word_1_128' title='bbox 1377 2165 1502 2248; x_wconf 66' lang='lat' dir='ltr'>fabulis</span> 
     </span>
     <span class='ocr_line' id='line_1_18' title="bbox 338 2261 1503 2340; baseline 0.003 -13"><span class='ocrx_word' id='word_1_129' title='bbox 338 2265 415 2329; x_wconf 89' lang='lat' dir='ltr'>duos</span> <span class='ocrx_word' id='word_1_130' title='bbox 433 2265 543 2330; x_wconf 90' lang='lat' dir='ltr'>choros</span> <span class='ocrx_word' id='word_1_131' title='bbox 564 2261 721 2339; x_wconf 81' lang='lat' dir='ltr'>exhibens,</span> <span class='ocrx_word' id='word_1_132' title='bbox 740 2280 836 2325; x_wconf 91' lang='lat' dir='ltr'>unum</span> <span class='ocrx_word' id='word_1_133' title='bbox 852 2280 969 2340; x_wconf 89' lang='lat' dir='ltr'>senum,</span> <span class='ocrx_word' id='word_1_134' title='bbox 986 2279 1101 2326; x_wconf 77' lang='lat' dir='ltr'>antrum</span> <span class='ocrx_word' id='word_1_135' title='bbox 1114 2263 1258 2329; x_wconf 86' lang='lat' dir='ltr'>alterum.</span> <span class='ocrx_word' id='word_1_136' title='bbox 1290 2265 1385 2330; x_wconf 86' lang='lat' dir='ltr'>Senes</span> <span class='ocrx_word' id='word_1_137' title='bbox 1399 2286 1426 2329; x_wconf 90' lang='lat' dir='ltr'>v.</span> <span class='ocrx_word' id='word_1_138' title='bbox 1439 2268 1503 2330; x_wconf 69' lang='grc'>254</span> 
     </span>
     <span class='ocr_line' id='line_1_19' title="bbox 340 2360 1502 2446; baseline 0.003 -18"><span class='ocrx_word' id='word_1_139' title='bbox 340 2384 396 2446; x_wconf 89' lang='lat' dir='ltr'>per</span> <span class='ocrx_word' id='word_1_140' title='bbox 429 2365 568 2428; x_wconf 86' lang='lat' dir='ltr'>dextram</span> <span class='ocrx_word' id='word_1_141' title='bbox 599 2361 729 2443; x_wconf 78' lang='lat' dir='ltr'>ingressi</span> <span class='ocrx_word' id='word_1_142' title='bbox 758 2360 907 2440; x_wconf 87' lang='lat' dir='ltr'>paredum</span> <span class='ocrx_word' id='word_1_143' title='bbox 942 2362 1087 2441; x_wconf 89' lang='lat' dir='ltr'>impetum</span> <span class='ocrx_word' id='word_1_144' title='bbox 1118 2363 1266 2428; x_wconf 90' lang='lat' dir='ltr'>facientes</span> <span class='ocrx_word' id='word_1_145' title='bbox 1296 2366 1326 2428; x_wconf 93' lang='lat' dir='ltr'>in</span> <span class='ocrx_word' id='word_1_146' title='bbox 1357 2383 1502 2430; x_wconf 88' lang='lat' dir='ltr'>scaenam</span> 
     </span>
     <span class='ocr_line' id='line_1_20' title="bbox 337 2459 1502 2547; baseline 0.002 -19"><span class='ocrx_word' id='word_1_147' title='bbox 337 2465 417 2529; x_wconf 89' lang='lat' dir='ltr'>illico</span> <span class='ocrx_word' id='word_1_148' title='bbox 447 2482 466 2527; x_wconf 90' lang='lat' dir='ltr'>a</span> <span class='ocrx_word' id='word_1_149' title='bbox 495 2461 629 2528; x_wconf 82' lang='lat' dir='ltr'>fortibus</span> <span class='ocrx_word' id='word_1_150' title='bbox 660 2459 848 2540; x_wconf 83' lang='lat' dir='ltr'>mulieribus,</span> <span class='ocrx_word' id='word_1_151' title='bbox 878 2479 956 2544; x_wconf 88' lang='lat' dir='ltr'>quae</span> <span class='ocrx_word' id='word_1_152' title='bbox 987 2463 1083 2525; x_wconf 85' lang='grc' dir='ltr'><strong>ν.319</strong></span> <span class='ocrx_word' id='word_1_153' title='bbox 1114 2463 1144 2525; x_wconf 91' lang='lat' dir='ltr'>in</span> <span class='ocrx_word' id='word_1_154' title='bbox 1175 2463 1265 2543; x_wconf 83' lang='lat' dir='ltr'>logeo</span> <span class='ocrx_word' id='word_1_155' title='bbox 1295 2466 1502 2547; x_wconf 88' lang='lat' dir='ltr'>apparebant,</span> 
     </span>
    </p>
   </div>
   <div class='ocr_carea' id='block_1_7' title="bbox 336 2561 1500 2645">
    <p class='ocr_par' dir='ltr' id='par_1_7' title="bbox 336 2561 1500 2645">
     <span class='ocr_line' id='line_1_21' title="bbox 336 2561 1500 2645; baseline 0 -17"><span class='ocrx_word' id='word_1_156' title='bbox 336 2565 367 2628; x_wconf 93' lang='lat' dir='ltr'>in</span> <span class='ocrx_word' id='word_1_157' title='bbox 408 2563 512 2645; x_wconf 82' lang='lat' dir='ltr'>fugam</span> <span class='ocrx_word' id='word_1_158' title='bbox 546 2562 738 2628; x_wconf 87' lang='lat' dir='ltr'>coniciuntur</span> <span class='ocrx_word' id='word_1_159' title='bbox 775 2566 809 2625; x_wconf 90' lang='lat' dir='ltr'>et</span> <span class='ocrx_word' id='word_1_160' title='bbox 841 2562 872 2624; x_wconf 93' lang='lat' dir='ltr'>in</span> <span class='ocrx_word' id='word_1_161' title='bbox 912 2561 1072 2625; x_wconf 87' lang='lat' dir='ltr'>orchestra</span> <span class='ocrx_word' id='word_1_162' title='bbox 1107 2580 1268 2627; x_wconf 90' lang='lat' dir='ltr'>remanere</span> <span class='ocrx_word' id='word_1_163' title='bbox 1301 2565 1500 2645; x_wconf 73' lang='lat' dir='ltr'>coguntur4).</span> 
     </span>
    </p>
   </div>
   <div class='ocr_carea' id='block_1_8' title="bbox 334 2807 1500 3052">
    <p class='ocr_par' dir='ltr' id='par_1_8' title="bbox 334 2807 1500 3052">
     <span class='ocr_line' id='line_1_22' title="bbox 407 2807 1500 2876; baseline -0.002 -14"><span class='ocrx_word' id='word_1_164' title='bbox 407 2812 432 2875; x_wconf 92' lang='lat' dir='ltr'>l)</span> <span class='ocrx_word' id='word_1_165' title='bbox 449 2808 738 2864; x_wconf 87' lang='lat' dir='ltr'>Schoenhornius</span> <span class='ocrx_word' id='word_1_166' title='bbox 757 2810 796 2876; x_wconf 86' lang='lat' dir='ltr'>(p.</span> <span class='ocrx_word' id='word_1_167' title='bbox 808 2807 870 2874; x_wconf 81' lang='grc'>311)</span> <span class='ocrx_word' id='word_1_168' title='bbox 894 2809 1004 2861; x_wconf 89' lang='lat' dir='ltr'>chorum</span> <span class='ocrx_word' id='word_1_169' title='bbox 1023 2823 1083 2861; x_wconf 91' lang='lat' dir='ltr'>cum</span> <span class='ocrx_word' id='word_1_170' title='bbox 1101 2808 1273 2862; x_wconf 88' lang='lat' dir='ltr'>histrionibus</span> <span class='ocrx_word' id='word_1_171' title='bbox 1292 2824 1374 2876; x_wconf 86' lang='lat' dir='ltr'>supra</span> <span class='ocrx_word' id='word_1_172' title='bbox 1391 2808 1500 2876; x_wconf 83' lang='lat' dir='ltr'>logeum</span> 
     </span>
     <span class='ocr_line' id='line_1_23' title="bbox 337 2893 1499 2964; baseline -0.003 -14"><span class='ocrx_word' id='word_1_173' title='bbox 337 2898 436 2951; x_wconf 84' lang='lat' dir='ltr'>exiisse</span> <span class='ocrx_word' id='word_1_174' title='bbox 455 2896 547 2964; x_wconf 86' lang='lat' dir='ltr'>voluit,</span> <span class='ocrx_word' id='word_1_175' title='bbox 566 2895 639 2962; x_wconf 90' lang='lat' dir='ltr'>quod</span> <span class='ocrx_word' id='word_1_176' title='bbox 657 2897 744 2950; x_wconf 91' lang='lat' dir='ltr'>minus</span> <span class='ocrx_word' id='word_1_177' title='bbox 762 2893 878 2962; x_wconf 89' lang='lat' dir='ltr'>quadrat</span> <span class='ocrx_word' id='word_1_178' title='bbox 888 2894 921 2947; x_wconf 92' lang='lat' dir='ltr'>ad</span> <span class='ocrx_word' id='word_1_179' title='bbox 946 2895 1124 2963; x_wconf 84' lang='lat' dir='ltr'>hymenaeum</span> <span class='ocrx_word' id='word_1_180' title='bbox 1135 2895 1230 2963; x_wconf 84' lang='lat' dir='ltr'>riginti</span> <span class='ocrx_word' id='word_1_181' title='bbox 1250 2903 1354 2963; x_wconf 88' lang='lat' dir='ltr'>septem</span> <span class='ocrx_word' id='word_1_182' title='bbox 1373 2911 1499 2949; x_wconf 87' lang='lat' dir='ltr'>versuum</span> 
     </span>
     <span class='ocr_line' id='line_1_24' title="bbox 334 2981 837 3052; baseline -0.008 -15"><span class='ocrx_word' id='word_1_183' title='bbox 334 2999 413 3052; x_wconf 90' lang='lat' dir='ltr'>quem</span> <span class='ocrx_word' id='word_1_184' title='bbox 432 2984 458 3036; x_wconf 94' lang='lat' dir='ltr'>in</span> <span class='ocrx_word' id='word_1_185' title='bbox 477 2981 638 3050; x_wconf 81' lang='lat' dir='ltr'>egrediendo</span> <span class='ocrx_word' id='word_1_186' title='bbox 656 2982 697 3034; x_wconf 94' lang='lat' dir='ltr'>illi</span> <span class='ocrx_word' id='word_1_187' title='bbox 721 2988 837 3035; x_wconf 89' lang='lat' dir='ltr'>cantant.</span> 
     </span>
    </p>
   </div>
   <div class='ocr_carea' id='block_1_9' title="bbox 334 3081 1501 3412">
    <p class='ocr_par' dir='ltr' id='par_1_9' title="bbox 334 3081 1501 3412">
     <span class='ocr_line' id='line_1_25' title="bbox 404 3081 1501 3151; baseline -0.002 -14"><span class='ocrx_word' id='word_1_188' title='bbox 404 3086 430 3151; x_wconf 91' lang='grc'>2)</span> <span class='ocrx_word' id='word_1_189' title='bbox 458 3100 571 3151; x_wconf 92' lang='lat' dir='ltr'>quocum</span> <span class='ocrx_word' id='word_1_190' title='bbox 590 3082 725 3136; x_wconf 88' lang='lat' dir='ltr'>consentit</span> <span class='ocrx_word' id='word_1_191' title='bbox 742 3083 914 3136; x_wconf 80' lang='lat' dir='ltr'>Ernestus</span> <span class='ocrx_word' id='word_1_192' title='bbox 933 3082 1149 3151; x_wconf 83' lang='lat' dir='ltr'>Ilroysenius</span> <span class='ocrx_word' id='word_1_193' title='bbox 1175 3081 1361 3148; x_wconf 80' lang='lat' dir='ltr'>(quaestiones</span> <span class='ocrx_word' id='word_1_194' title='bbox 1384 3081 1418 3135; x_wconf 89' lang='lat' dir='ltr'>de</span> <span class='ocrx_word' id='word_1_195' title='bbox 1437 3082 1501 3135; x_wconf 81' lang='lat' dir='ltr'>Ari-</span> 
     </span>
     <span class='ocr_line' id='line_1_26' title="bbox 335 3167 1500 3239; baseline -0.003 -13"><span class='ocrx_word' id='word_1_196' title='bbox 335 3172 458 3239; x_wconf 88' lang='lat' dir='ltr'>stophan.</span> <span class='ocrx_word' id='word_1_197' title='bbox 478 3187 508 3224; x_wconf 87' lang='lat' dir='ltr'>re</span> <span class='ocrx_word' id='word_1_198' title='bbox 525 3170 650 3233; x_wconf 84' lang='lat' dir='ltr'>scaenic,</span> <span class='ocrx_word' id='word_1_199' title='bbox 670 3169 775 3222; x_wconf 85' lang='lat' dir='ltr'>dissert.</span> <span class='ocrx_word' id='word_1_200' title='bbox 793 3167 943 3235; x_wconf 83' lang='lat' dir='ltr'>inaugural.</span> <span class='ocrx_word' id='word_1_201' title='bbox 963 3169 1072 3224; x_wconf 90' lang='lat' dir='ltr'>Bonnae</span> <span class='ocrx_word' id='word_1_202' title='bbox 1085 3169 1159 3231; x_wconf 87' lang='lat'>1868,</span> <span class='ocrx_word' id='word_1_203' title='bbox 1178 3186 1204 3236; x_wconf 87' lang='lat' dir='ltr'>p.</span> <span class='ocrx_word' id='word_1_204' title='bbox 1219 3172 1273 3230; x_wconf 78' lang='grc'>57),</span> <span class='ocrx_word' id='word_1_205' title='bbox 1293 3167 1327 3221; x_wconf 89' lang='lat' dir='ltr'>ad</span> <span class='ocrx_word' id='word_1_206' title='bbox 1344 3183 1423 3234; x_wconf 88' lang='lat' dir='ltr'>quem</span> <span class='ocrx_word' id='word_1_207' title='bbox 1436 3185 1500 3222; x_wconf 89' lang='lat' dir='ltr'>cum</span> 
     </span>
     <span class='ocr_line' id='line_1_27' title="bbox 335 3254 1499 3326; baseline -0.001 -15"><span class='ocrx_word' id='word_1_208' title='bbox 335 3257 538 3326; x_wconf 86' lang='lat' dir='ltr'>diligentissime</span> <span class='ocrx_word' id='word_1_209' title='bbox 562 3258 590 3310; x_wconf 89' lang='lat' dir='ltr'>in</span> <span class='ocrx_word' id='word_1_210' title='bbox 611 3255 798 3323; x_wconf 89' lang='lat' dir='ltr'>Aristophanis</span> <span class='ocrx_word' id='word_1_211' title='bbox 822 3254 930 3310; x_wconf 87' lang='lat' dir='ltr'>fabulas</span> <span class='ocrx_word' id='word_1_212' title='bbox 955 3256 1123 3326; x_wconf 85' lang='lat' dir='ltr'>inquisiverit</span> <span class='ocrx_word' id='word_1_213' title='bbox 1145 3256 1253 3323; x_wconf 88' lang='lat' dir='ltr'>saepius</span> <span class='ocrx_word' id='word_1_214' title='bbox 1275 3254 1499 3322; x_wconf 86' lang='lat' dir='ltr'>insequentibus</span> 
     </span>
     <span class='ocr_line' id='line_1_28' title="bbox 334 3360 516 3412; baseline -0.011 -15"><span class='ocrx_word' id='word_1_215' title='bbox 334 3360 516 3412; x_wconf 76' lang='lat' dir='ltr'>respueremus.</span> 
     </span>
    </p>
   </div>
   <div class='ocr_carea' id='block_1_10' title="bbox 330 3446 1499 4117">
    <p class='ocr_par' dir='ltr' id='par_1_10' title="bbox 330 3446 1499 4117">
     <span class='ocr_line' id='line_1_29' title="bbox 402 3446 1499 3516; baseline 0.001 -16"><span class='ocrx_word' id='word_1_216' title='bbox 402 3446 431 3514; x_wconf 87' lang='lat'>3)</span> <span class='ocrx_word' id='word_1_217' title='bbox 450 3447 483 3500; x_wconf 89' lang='lat' dir='ltr'>de</span> <span class='ocrx_word' id='word_1_218' title='bbox 502 3447 555 3500; x_wconf 85' lang='lat' dir='ltr'>fine</span> <span class='ocrx_word' id='word_1_219' title='bbox 575 3446 654 3501; x_wconf 87' lang='lat' dir='ltr'>huius</span> <span class='ocrx_word' id='word_1_220' title='bbox 672 3447 783 3502; x_wconf 84' lang='lat' dir='ltr'>tabulae</span> <span class='ocrx_word' id='word_1_221' title='bbox 803 3447 875 3503; x_wconf 87' lang='lat' dir='ltr'>idem</span> <span class='ocrx_word' id='word_1_222' title='bbox 895 3448 966 3516; x_wconf 85' lang='lat' dir='ltr'>quod</span> <span class='ocrx_word' id='word_1_223' title='bbox 990 3447 1023 3501; x_wconf 90' lang='lat' dir='ltr'>de</span> <span class='ocrx_word' id='word_1_224' title='bbox 1036 3447 1107 3502; x_wconf 90' lang='lat' dir='ltr'>Pluti</span> <span class='ocrx_word' id='word_1_225' title='bbox 1126 3447 1199 3501; x_wconf 84' lang='lat' dir='ltr'>exitu</span> <span class='ocrx_word' id='word_1_226' title='bbox 1219 3454 1342 3514; x_wconf 91' lang='lat' dir='ltr'>statuam,</span> <span class='ocrx_word' id='word_1_227' title='bbox 1360 3462 1420 3501; x_wconf 93' lang='lat' dir='ltr'>cum</span> <span class='ocrx_word' id='word_1_228' title='bbox 1438 3449 1499 3501; x_wconf 87' lang='lat' dir='ltr'>reri</span> 
     </span>
     <span class='ocr_line' id='line_1_30' title="bbox 333 3533 1498 3602; baseline 0 -17"><span class='ocrx_word' id='word_1_229' title='bbox 333 3534 447 3587; x_wconf 86' lang='lat' dir='ltr'>similius</span> <span class='ocrx_word' id='word_1_230' title='bbox 464 3533 588 3587; x_wconf 87' lang='lat' dir='ltr'>rideatur</span> <span class='ocrx_word' id='word_1_231' title='bbox 607 3550 732 3601; x_wconf 88' lang='lat' dir='ltr'>pompam</span> <span class='ocrx_word' id='word_1_232' title='bbox 752 3535 900 3602; x_wconf 88' lang='lat' dir='ltr'>nuptialem</span> <span class='ocrx_word' id='word_1_233' title='bbox 917 3552 939 3585; x_wconf 90' lang='lat' dir='ltr'>v.</span> <span class='ocrx_word' id='word_1_234' title='bbox 953 3534 1019 3586; x_wconf 83' lang='grc'>1720</span> <span class='ocrx_word' id='word_1_235' title='bbox 1037 3535 1064 3587; x_wconf 93' lang='lat' dir='ltr'>in</span> <span class='ocrx_word' id='word_1_236' title='bbox 1083 3536 1218 3587; x_wconf 86' lang='lat' dir='ltr'>orchestra</span> <span class='ocrx_word' id='word_1_237' title='bbox 1228 3534 1395 3601; x_wconf 89' lang='lat' dir='ltr'>apparuisse,</span> <span class='ocrx_word' id='word_1_238' title='bbox 1415 3549 1498 3601; x_wconf 86' lang='lat' dir='ltr'>quam</span> 
     </span>
     <span class='ocr_line' id='line_1_31' title="bbox 333 3617 1498 3689; baseline 0 -17"><span class='ocrx_word' id='word_1_239' title='bbox 333 3618 404 3686; x_wconf 89' lang='lat' dir='ltr'>quod</span> <span class='ocrx_word' id='word_1_240' title='bbox 425 3620 651 3689; x_wconf 86' lang='lat' dir='ltr'>Droysenium</span> <span class='ocrx_word' id='word_1_241' title='bbox 672 3621 798 3680; x_wconf 82' lang='lat' dir='ltr'>secutill.</span> <span class='ocrx_word' id='word_1_242' title='bbox 818 3621 835 3674; x_wconf 95' lang='lat' dir='ltr'>l.</span> <span class='ocrx_word' id='word_1_243' title='bbox 854 3638 878 3688; x_wconf 89' lang='lat' dir='ltr'>p.</span> <span class='ocrx_word' id='word_1_244' title='bbox 889 3621 932 3686; x_wconf 82' lang='lat'>60)</span> <span class='ocrx_word' id='word_1_245' title='bbox 957 3617 1162 3674; x_wconf 88' lang='lat' dir='ltr'>Peisthetairum</span> <span class='ocrx_word' id='word_1_246' title='bbox 1188 3636 1247 3674; x_wconf 92' lang='lat' dir='ltr'>cum</span> <span class='ocrx_word' id='word_1_247' title='bbox 1258 3619 1376 3672; x_wconf 87' lang='lat' dir='ltr'>Basileia</span> <span class='ocrx_word' id='word_1_248' title='bbox 1387 3617 1498 3686; x_wconf 81' lang='lat' dir='ltr'>logeum</span> 
     </span>
     <span class='ocr_line' id='line_1_32' title="bbox 335 3704 1497 3773; baseline 0.003 -17"><span class='ocrx_word' id='word_1_249' title='bbox 335 3705 452 3758; x_wconf 87' lang='lat' dir='ltr'>intrasse</span> <span class='ocrx_word' id='word_1_250' title='bbox 470 3711 499 3758; x_wconf 87' lang='lat' dir='ltr'>et</span> <span class='ocrx_word' id='word_1_251' title='bbox 518 3706 545 3759; x_wconf 89' lang='lat' dir='ltr'>in</span> <span class='ocrx_word' id='word_1_252' title='bbox 565 3706 729 3772; x_wconf 88' lang='lat' dir='ltr'>orchestram</span> <span class='ocrx_word' id='word_1_253' title='bbox 742 3705 915 3760; x_wconf 87' lang='lat' dir='ltr'>descendisse</span> <span class='ocrx_word' id='word_1_254' title='bbox 933 3705 1071 3773; x_wconf 82' lang='lat' dir='ltr'>fingamus.</span> <span class='ocrx_word' id='word_1_255' title='bbox 1107 3704 1176 3757; x_wconf 87' lang='lat' dir='ltr'>Nam</span> <span class='ocrx_word' id='word_1_256' title='bbox 1196 3706 1222 3757; x_wconf 91' lang='lat' dir='ltr'>in</span> <span class='ocrx_word' id='word_1_257' title='bbox 1241 3706 1300 3772; x_wconf 91' lang='lat' dir='ltr'>ipso</span> <span class='ocrx_word' id='word_1_258' title='bbox 1319 3704 1497 3772; x_wconf 80' lang='lat' dir='ltr'>ingrediendo</span> 
     </span>
     <span class='ocr_line' id='line_1_33' title="bbox 333 3789 1496 3860; baseline 0.003 -17"><span class='ocrx_word' id='word_1_259' title='bbox 333 3791 430 3845; x_wconf 89' lang='lat' dir='ltr'>chorus</span> <span class='ocrx_word' id='word_1_260' title='bbox 457 3790 519 3845; x_wconf 88' lang='lat' dir='ltr'>illos</span> <span class='ocrx_word' id='word_1_261' title='bbox 549 3790 705 3860; x_wconf 88' lang='lat' dir='ltr'>circumdat,</span> <span class='ocrx_word' id='word_1_262' title='bbox 735 3807 803 3859; x_wconf 90' lang='lat' dir='ltr'>quos</span> <span class='ocrx_word' id='word_1_263' title='bbox 833 3799 970 3859; x_wconf 90' lang='lat' dir='ltr'>postremo</span> <span class='ocrx_word' id='word_1_264' title='bbox 1000 3791 1047 3854; x_wconf 77' lang='lat' dir='ltr'>toi.</span> <span class='ocrx_word' id='word_1_265' title='bbox 1072 3807 1095 3843; x_wconf 85' lang='lat' dir='ltr'>v.</span> <span class='ocrx_word' id='word_1_266' title='bbox 1108 3790 1174 3842; x_wconf 80' lang='lat'>1755</span> <span class='ocrx_word' id='word_1_267' title='bbox 1198 3789 1373 3844; x_wconf 87' lang='lat' dir='ltr'>Peisthetairi</span> <span class='ocrx_word' id='word_1_268' title='bbox 1396 3792 1496 3847; x_wconf 84' lang='lat' dir='ltr'>verba:</span> 
     </span>
     <span class='ocr_line' id='line_1_34' title="bbox 332 3876 1497 3948; baseline 0.006 -20"><span class='ocrx_word' id='word_1_269' title='bbox 332 3877 426 3928; x_wconf 73' lang='grc' dir='ltr'><em>ἕπεσθε</em></span> <span class='ocrx_word' id='word_1_270' title='bbox 452 3878 497 3928; x_wconf 70' lang='grc' dir='ltr'>νῦν</span> <span class='ocrx_word' id='word_1_271' title='bbox 520 3878 650 3944; x_wconf 70' lang='grc' dir='ltr'>γάμοισιν)</span> <span class='ocrx_word' id='word_1_272' title='bbox 676 3892 758 3945; x_wconf 87' lang='lat' dir='ltr'>supra</span> <span class='ocrx_word' id='word_1_273' title='bbox 782 3878 889 3945; x_wconf 81' lang='lat' dir='ltr'>logeum</span> <span class='ocrx_word' id='word_1_274' title='bbox 912 3878 939 3931; x_wconf 89' lang='lat' dir='ltr'>in</span> <span class='ocrx_word' id='word_1_275' title='bbox 965 3876 1071 3930; x_wconf 90' lang='lat' dir='ltr'>domum</span> <span class='ocrx_word' id='word_1_276' title='bbox 1096 3877 1187 3944; x_wconf 87' lang='lat' dir='ltr'>sponsi</span> <span class='ocrx_word' id='word_1_277' title='bbox 1211 3878 1360 3931; x_wconf 88' lang='lat' dir='ltr'>comitatur.</span> <span class='ocrx_word' id='word_1_278' title='bbox 1396 3878 1497 3948; x_wconf 87' lang='lat' dir='ltr'>Neque</span> 
     </span>
     <span class='ocr_line' id='line_1_35' title="bbox 331 3961 1496 4032; baseline 0.004 -17"><span class='ocrx_word' id='word_1_279' title='bbox 331 3961 587 4017; x_wconf 79' lang='lat' dir='ltr'>Schoenbornii</span> <span class='ocrx_word' id='word_1_280' title='bbox 619 3966 656 4031; x_wconf 84' lang='lat' dir='ltr'>(p.</span> <span class='ocrx_word' id='word_1_281' title='bbox 673 3964 733 4030; x_wconf 87' lang='grc'>322)</span> <span class='ocrx_word' id='word_1_282' title='bbox 765 3963 896 4019; x_wconf 82' lang='lat' dir='ltr'>diversam</span> <span class='ocrx_word' id='word_1_283' title='bbox 929 3964 962 4018; x_wconf 88' lang='lat' dir='ltr'>de</span> <span class='ocrx_word' id='word_1_284' title='bbox 986 3963 1037 4017; x_wconf 87' lang='lat' dir='ltr'>hac</span> <span class='ocrx_word' id='word_1_285' title='bbox 1068 3977 1098 4016; x_wconf 89' lang='lat' dir='ltr'>re</span> <span class='ocrx_word' id='word_1_286' title='bbox 1128 3963 1287 4016; x_wconf 86' lang='lat' dir='ltr'>sententiam</span> <span class='ocrx_word' id='word_1_287' title='bbox 1316 3966 1496 4032; x_wconf 88' lang='lat' dir='ltr'>comprobare</span> 
     </span>
     <span class='ocr_line' id='line_1_36' title="bbox 330 4065 450 4117; baseline 0 -15"><span class='ocrx_word' id='word_1_288' title='bbox 330 4065 450 4117; x_wconf 86' lang='lat' dir='ltr'>possum.</span> 
     </span>
    </p>
   </div>
   <div class='ocr_carea' id='block_1_11' title="bbox 331 4141 1494 4393">
    <p class='ocr_par' dir='ltr' id='par_1_11' title="bbox 331 4141 1494 4393">
     <span class='ocr_line' id='line_1_37' title="bbox 401 4141 1493 4222; baseline 0.004 -18"><span class='ocrx_word' id='word_1_289' title='bbox 401 4153 430 4217; x_wconf 90' lang='grc'>4)</span> <span class='ocrx_word' id='word_1_290' title='bbox 455 4167 564 4206; x_wconf 88' lang='lat' dir='ltr'>causam</span> <span class='ocrx_word' id='word_1_291' title='bbox 591 4169 644 4207; x_wconf 89' lang='lat' dir='ltr'>non</span> <span class='ocrx_word' id='word_1_292' title='bbox 679 4141 766 4217; x_wconf 87' lang='lat' dir='ltr'>video,</span> <span class='ocrx_word' id='word_1_293' title='bbox 799 4169 847 4208; x_wconf 90' lang='lat' dir='ltr'>cur</span> <span class='ocrx_word' id='word_1_294' title='bbox 878 4169 936 4207; x_wconf 90' lang='lat' dir='ltr'>cum</span> <span class='ocrx_word' id='word_1_295' title='bbox 968 4152 1233 4207; x_wconf 89' lang='lat' dir='ltr'>Schoenbornio</span> <span class='ocrx_word' id='word_1_296' title='bbox 1265 4154 1374 4222; x_wconf 71' lang='lat' dir='ltr'>(paea)</span> <span class='ocrx_word' id='word_1_297' title='bbox 1399 4170 1493 4209; x_wconf 85' lang='lat' dir='ltr'>senum</span> 
     </span>
     <span class='ocr_line' id='line_1_38' title="bbox 332 4238 1494 4307; baseline 0.003 -17"><span class='ocrx_word' id='word_1_298' title='bbox 332 4238 441 4291; x_wconf 89' lang='lat' dir='ltr'>chorum</span> <span class='ocrx_word' id='word_1_299' title='bbox 467 4238 519 4292; x_wconf 89' lang='lat' dir='ltr'>iam</span> <span class='ocrx_word' id='word_1_300' title='bbox 544 4239 595 4293; x_wconf 94' lang='lat' dir='ltr'>hoc</span> <span class='ocrx_word' id='word_1_301' title='bbox 619 4238 681 4293; x_wconf 89' lang='lat' dir='ltr'>loco</span> <span class='ocrx_word' id='word_1_302' title='bbox 705 4238 804 4293; x_wconf 90' lang='lat' dir='ltr'>diutius</span> <span class='ocrx_word' id='word_1_303' title='bbox 823 4238 850 4291; x_wconf 92' lang='lat' dir='ltr'>in</span> <span class='ocrx_word' id='word_1_304' title='bbox 869 4254 967 4293; x_wconf 86' lang='lat' dir='ltr'>scaena</span> <span class='ocrx_word' id='word_1_305' title='bbox 984 4250 1118 4295; x_wconf 81' lang='lat' dir='ltr'>versatum</span> <span class='ocrx_word' id='word_1_306' title='bbox 1139 4256 1196 4294; x_wconf 85' lang='lat' dir='ltr'>esse</span> <span class='ocrx_word' id='word_1_307' title='bbox 1216 4241 1355 4307; x_wconf 87' lang='lat' dir='ltr'>accipiam,</span> <span class='ocrx_word' id='word_1_308' title='bbox 1375 4238 1447 4306; x_wconf 91' lang='lat' dir='ltr'>quod</span> <span class='ocrx_word' id='word_1_309' title='bbox 1466 4247 1494 4293; x_wconf 89' lang='lat' dir='ltr'>et</span> 
     </span>
     <span class='ocr_line' id='line_1_39' title="bbox 331 4323 1492 4393; baseline 0.003 -17"><span class='ocrx_word' id='word_1_310' title='bbox 331 4323 550 4393; x_wconf 84' lang='lat' dir='ltr'>Droysenius</span> <span class='ocrx_word' id='word_1_311' title='bbox 575 4325 604 4393; x_wconf 87' lang='lat' dir='ltr'>(l.</span> <span class='ocrx_word' id='word_1_312' title='bbox 620 4325 637 4379; x_wconf 94' lang='lat' dir='ltr'>l.</span> <span class='ocrx_word' id='word_1_313' title='bbox 663 4343 689 4393; x_wconf 92' lang='lat' dir='ltr'>p.</span> <span class='ocrx_word' id='word_1_314' title='bbox 699 4325 746 4391; x_wconf 82' lang='grc'>60)</span> <span class='ocrx_word' id='word_1_315' title='bbox 773 4324 866 4379; x_wconf 89' lang='lat' dir='ltr'>noluit.</span> <span class='ocrx_word' id='word_1_316' title='bbox 910 4326 998 4392; x_wconf 81' lang='lat' dir='ltr'>Atque</span> <span class='ocrx_word' id='word_1_317' title='bbox 1024 4327 1147 4381; x_wconf 84' lang='lat' dir='ltr'>conferas</span> <span class='ocrx_word' id='word_1_318' title='bbox 1174 4342 1274 4392; x_wconf 85' lang='lat' dir='ltr'>quaeso</span> <span class='ocrx_word' id='word_1_319' title='bbox 1297 4325 1378 4379; x_wconf 84' lang='lat' dir='ltr'>rerba</span> <span class='ocrx_word' id='word_1_320' title='bbox 1398 4325 1492 4380; x_wconf 90' lang='lat' dir='ltr'>scho-</span> 
     </span>
    </p>
   </div>
   <div class='ocr_carea' id='block_1_12' title="bbox 0 0 1618 5200">
    <p class='ocr_par' dir='ltr' id='par_1_12' title="bbox 0 0 1618 5200">
     <span class='ocr_line' id='line_1_40' title="bbox 0 0 1618 5200; baseline 0 4"><span class='ocrx_word' id='word_1_321' title='bbox 0 0 1618 5200; x_wconf 95' lang='lat' dir='ltr'> </span> 
     </span>
    </p>
   </div>
  </div>
 </body>
</html>
