3225 5200
883 509 923 572 32

444 683 501 748 οὐκ
522 685 581 768 αφ’
598 684 698 769 ἡμῶν,
719 685 776 747 οὐκ
795 686 855 749 ἄπ’
875 688 971 749 οἴκων

445 784 547 848 πάλιν
566 785 632 848 cirri
653 784 746 847 πόδα
768 786 830 849 udo
851 785 976 859 εἱλίξεις

443 889 615 966 μεθεμένα
635 884 774 963 κτύποις
830 879 836 887 ’
926 886 967 964 (v.
985 888 1042 947 166
1054 885 1135 965 sqq.)

322 985 353 1048 in
375 983 565 1048 orchestram
583 986 786 1050 descenderit.
830 985 929 1062 Quam
952 987 1067 1049 iterum
1090 984 1269 1065 relinquunt
1289 985 1420 1049 feminae
1442 986 1481 1050 ab

321 1083 448 1147 Electra
470 1085 500 1147 in
523 1084 643 1163 logeum
667 1086 843 1162 vocatae¹tz

446 1183 544 1265 στῆθ’
561 1181 597 1245 αἱ
616 1187 677 1264 μὲν
698 1184 789 1264 ὑμῶν
809 1182 879 1246 τόδ’
900 1183 1050 1267 οἱμαξηρη
1072 1187 1184 1264 τρίβον

445 1279 481 1343 αἱ
501 1282 529 1343 δ’
545 1281 663 1347 ἐνθάδ’
679 1278 778 1346 ἄλλον
793 1274 887 1364 οἶμον
905 1283 950 1356 εἰς
971 1283 1117 1365 ηροοραιι
1133 1282 1243 1363 δόμων
1262 1282 1304 1364 (v.
1323 1286 1396 1345 1251
1413 1283 1482 1363 sq),

322 1386 357 1446 ut
385 1380 489 1444 aditus
520 1380 699 1445 custodiant
728 1382 767 1446 ad
795 1381 917 1445 donnum
940 1383 1074 1461 regiam,
1108 1382 1155 1445 cui
1176 1384 1313 1461 proxime
1334 1380 1403 1444 illas
1425 1380 1482 1445 ad·

323 1485 409 1544 stare
432 1497 471 1543 ex
493 1478 568 1559 ipsis
591 1479 674 1545 chori
700 1480 801 1545 verbis
824 1481 1045 1546 concludamus
1068 1498 1195 1545 necesse
1216 1487 1264 1544 est
1285 1479 1388 1546 hisce:

710 1584 758 1653 τίς
778 1576 827 1642 δ’δ’
847 1575 899 1662 ἄρ’
917 1580 981 1658 οἷμ-

448 1678 485 1760 ui
506 1677 676 1760 μέλαθρον
697 1678 796 1740 πολεῖ
815 1680 875 1742 σοι·
896 1678 1036 1760 α’γρότας
1055 1677 1154 1764 αἰἠρς
1176 1677 1380 1761 (11286311.)

322 1783 417 1857 atque
438 1795 478 1841 411
498 1796 591 1842 versu
613 1776 672 1842 303
688 1796 753 1859 sa:

447 1881 558 1959 σιγᾶτε
581 1879 698 1958 σιγᾶτ’·
735 1877 892 1963 η’σθόμηιΙ
910 1878 1036 1942 κτύπου
1057 1879 1142 1952 τινὸς

445 1977 602 2042 κέλευθοι·
624 1978 827 2053 εἰςιιέσοιτος
850 1979 939 2062 ἀμφὶ
964 1977 1109 2059 δώματα.

322 2076 391 2155 Quo
415 2065 542 2143 tandem
561 2079 628 2144 loco
649 2079 762 2145 chorus
782 2080 814 2144 in
837 2080 1027 2145 orchestram
1043 2067 1188 2159 redierit,
1210 2096 1266 2159 pro
1288 2083 1375 2144 certo
1396 2077 1482 2142 affir-

323 2194 408 2241 mare
436 2195 570 2259 nequeo,
602 2185 704 2244 tamen
731 2181 796 2245 veri
825 2181 923 2245 simile
946 2180 1070 2245 videtur
1091 2197 1161 2243 eum
1184 2197 1292 2243 versus
1317 2183 1394 2242 1545
1413 2196 1481 2260 sqq.

323 2276 384 2340 iem
407 2276 439 2341 in
460 2276 622 2343 orchestra
642 2281 798 2346 cecinisse.

406 2393 542 2459 Chorum
564 2396 594 2459 in
615 2395 785 2461 Medeae
809 2416 836 2462 v.
857 2401 931 2460 1265
955 2398 985 2461 in
1000 2395 1121 2475 logeum
1139 2413 1171 2458 se
1189 2392 1356 2458 contulisse
1371 2392 1481 2455 mirum

323 2493 354 2556 in
384 2493 509 2558 modum
539 2494 786 2574 Schoenhornius
809 2510 852 2578 tp.
872 2497 942 2576 144)
972 2494 1155 2574 denegavit,
1188 2493 1271 2576 quod
1303 2492 1369 2556 eius
1398 2491 1482 2555 chori

323 2591 455 2657 feminae
486 2612 548 2658 uon
578 2597 610 2659 iu
639 2596 738 2677 ipsam
769 2595 892 2660 domum
924 2595 1041 2675 regiam
1071 2593 1271 2672 intraverint,
1306 2591 1361 2655 sed
1392 2589 1483 2672 ἐγγύς

299 2702 435 2776 ,στέγης
465 2693 622 2777 (1.1282)
653 2697 857 2761 constiterint.
902 2696 1017 2759 Tamen
1046 2695 1171 2774 ineptae
1200 2691 1271 2755 illae
1301 2691 1482 2755 viderentur

322 2792 503 2874 loquentes:
1386 2785 1390 2792 ⁴

445 2893 603 2975 παρέλθω
624 2892 754 2975 δόμους·
794 2893 913 2976 α’ρῆξαι
935 2891 1035 2974 μόνον

446 2993 539 3057 δοκεῖ
554 3016 609 3074 μοι
627 3001 764 3072 τέκιόιις,

323 3093 382 3158 nisi
410 3100 563 3176 quantum
586 3098 716 3174 possent
738 3091 879 3156 Medeam
901 3108 920 3153 a
942 3089 1226 3155 caedeliberorum
1248 3090 1388 3169 precibus
1410 3108 1482 3171 pre-

322 3193 433 3257 hihere'
448 3200 646 3272 conarentur,
668 3192 778 3273 quihus
798 3190 942 3255 videlicet
961 3198 1075 3254 natura
1097 3189 1238 3253 invalidis
1256 3190 1337 3253 vires
1352 3189 1483 3254 deerant

322 3293 364 3358 ad
387 3293 565 3357 obstructas
588 3291 696 3357 domus
718 3298 825 3373 portas
841 3291 1037 3372 aperiendas
1059 3308 1188 3370 quarum
1202 3289 1339 3354 claustra
1355 3288 1483 3354 tandem

322 3412 379 3475 per
402 3392 706 3458 Iasonisministros
729 3391 922 3456 revelluntur
943 3390 994 3474 (cl.
1017 3410 1045 3455 v.
1069 3395 1127 3453 303
1139 3394 1228 3471 squ).

322 3625 455 3687 κλινιδίου,
482 3613 502 3693 ᾧ
520 3619 721 3695 προσκαθέζεται
739 3623 871 3690 moderate
888 3624 962 3674 rroo'sv
977 3622 1109 3691 Ἠλέκτρα·
1143 3621 1301 3688 διαπορεῖται
1323 3620 1365 3681 dl,
1387 3624 1415 3669 τί
1438 3620 1483 3686 δή·

323 3729 384 3763 ποτε
407 3713 435 3762 οιῗ
457 3712 520 3782 πρὸς
536 3709 571 3784 τῇ
589 3709 682 3782 κεφαλῇ
700 3706 842 3764 καθέζεται.
879 3708 944 3760 οὗτοι
964 3709 991 3760 dl
1015 3708 1109 3768 μᾶλλον
1128 3706 1204 3757 ἐδόκει
1223 3708 1266 3756 τὸν
1284 3706 1390 3765 ἀδελφὸν
1408 3726 1483 3772 τημε·

322 3799 374 3848 λεῖι
397 3799 574 3866 πλησιαίτερον
596 3797 661 3847 οὕτω
686 3793 913 3866 ιιροοκαθεῖογιέιη.
956 3798 1016 3845 ε”οικε
1042 3784 1086 3843 οἶα
1112 3794 1154 3845 dui
1179 3794 1223 3843 τὸν
1247 3793 1321 3861 χορὸν
1346 3792 1485 3854 ὃποιητὴς

323 3886 492 3937 decorantium.
528 3883 654 3951 διηγέρθη
671 3883 720 3952 γιὶρ
740 3882 773 3932 ιῖι
791 3882 803 3931 ὃ
820 3880 935 3949 Ὀρέστης
952 3881 1013 3950 ἄρτι
1030 3880 1071 3928 καὶ
1087 3883 1158 3943 μόγις
1176 3879 1347 3943 καταδραθιῖς
1364 3879 1484 3944 πλησιαί-

322 3992 394 4041 τερον
417 3971 487 4038 αὐτῷ
511 3970 563 4021 τοῖν
587 3971 652 4020 nurci
676 3970 720 4019 adv
744 3969 819 4036 χορὸν
842 3967 966 4032 γυναικῶν
985 3969 1187 4032 παρισταμένων.
1224 3966 1279 4015 ias·
1297 3965 1324 4016 δι’
1345 3964 1484 4031 ὑπονοῆσαι

254 4109 257 4114 ,
322 4059 397 4110 τοῦτο
415 4059 440 4114 ἐξ
459 4048 493 4109 οἶν
511 4077 585 4123 φησιν
599 4055 722 4125 Ἠλέκτρα
740 4054 787 4124 [τρι
795 4053 884 4124 χορρη·
917 4063 985 4117 οῒγα,
1002 4051 1379 4119 οῖγα,λειιιὸκῖ’χνοςιι’ρβι“·λης
1393 4053 1484 4104 aad.

324 4146 405 4213 (quae
424 4146 562 4213 postrema
579 4141 665 4197 verba
683 4138 935 4195 Kirchhoffius
953 4137 1064 4206 quidem
1083 4136 1165 4189 choro
1183 4135 1300 4202 tribuit).

393 4246 418 4314 1)
437 4243 731 4300 Schoenbornius
751 4243 786 4312 (p.
807 4243 867 4312 152)
886 4242 999 4295 chorum
1016 4241 1044 4293 in
1062 4240 1203 4294 orchestra
1220 4238 1379 4292 remansisse
1397 4242 1484 4308 atque

323 4334 439 4401 parodos
457 4331 636 4387 custodivisse
654 4328 762 4384 maluit.
