3225 5200
694 505 734 569 47
812 519 824 527 '¹

219 684 302 749 ldem
326 691 464 750 statuam
484 686 523 749 de
541 686 685 766 ingressu
709 685 818 748 Thesei
840 686 870 748 in
889 673 1045 767 Euripidis
1062 686 1294 769 Supplicem

133 808 165 852 v.
185 793 234 867 87,
260 788 312 867 qui
341 788 463 849 intrans
493 787 623 867 primum
651 786 787 848 lamenta
816 785 901 849 chori
929 787 1064 867 exaudit,
1091 789 1175 851 cuius
1202 807 1294 852 unam

133 896 257 969 partem
277 888 308 950 in
326 886 497 967 orchestra,
519 885 649 949 alteram
672 886 702 948 in
724 884 814 964 logeo
836 902 869 948 se
892 886 1030 949 tenuisse
1051 905 1146 968 supra
1164 888 1295 952 vidimus
1314 948 1325 973 χ

132 987 188 1068 (ct.
211 996 280 1068 pag.
298 985 360 1067 33),
389 991 455 1049 tum
483 1005 509 1048 v.
531 989 570 1048 93
598 985 727 1065 quaein
749 1001 864 1048 scaena
886 990 1037 1063 gerantur
1056 987 1295 1053 animadvertit:

259 1102 307 1147 Ea‘

259 1189 295 1247 τί
312 1186 435 1265 χρῆμα;
458 1183 570 1256 καινάς
590 1181 740 1262 εἰσβολοές
761 1180 827 1265 ὁρῶ
844 1181 946 1262 toyov

259 1293 382 1367 μητέρα
404 1284 535 1364 γεραιᾶν
559 1287 689 1364 βωμίαν
710 1283 885 1366 ἐφημένην.

134 1410 247 1491 Neque
275 1409 561 1491 praetermittamus
583 1406 746 1471 Orestis
768 1406 880 1487 locum,
902 1423 991 1486 qoem
1015 1407 1201 1491 Geppertius
1221 1431 1296 1493 quo-

135 1530 197 1593 que
214 1510 248 1591 (i.
271 1509 292 1573 l.
312 1526 343 1588 p.
359 1509 409 1589 14)
439 1507 555 1571 clarum
586 1504 678 1570 affert
699 1505 886 1586 exemptum,
919 1525 1041 1571 versum
1064 1508 1132 1572 dico
1155 1512 1215 1575 330
1236 1529 1297 1591 quo

134 1611 248 1674 chorus
273 1617 342 1673 octo
369 1607 512 1671 versibus
533 1605 705 1671 Menelaum
734 1606 861 1670 salutat.
905 1606 964 1670 Hic
986 1626 1067 1689 vero,
1091 1612 1232 1692 quamvis
1258 1612 1297 1675 de

133 1711 227 1774 domo
251 1709 335 1788 regia
364 1707 463 1771 multa
491 1705 586 1771 verba
607 1705 756 1787 proferat,
779 1706 921 1770 Orestem
945 1726 1042 1789 prope
1064 1727 1131 1773 eam
1151 1710 1297 1776 lecticula

134 1810 287 1874 iacentem
310 1826 370 1871 non
394 1807 487 1887 videt,
508 1806 562 1870 sed
582 1824 619 1869 ex
642 1805 734 1869 choro
758 1807 899 1889 quaerit:

260 1924 313 1987 καὶ
335 1926 393 1986 νῦν
416 1920 500 1985 ὅπου
520 1923 602 1985 ’στιν
626 1921 742 2001 εἴπατ’,
764 1911 790 1986 ὦ
809 1922 964 2004 νεάνιδες,

259 2026 486 2107 Ἀγαμέμνονος
515 2027 603 2103 παῖς,
621 2021 654 2097 ὃς
675 2023 716 2085 τοὶ
739 2024 818 2087 dar‘u'
842 2024 917 2107 ἔτλη
934 2024 1017 2087 κακά
1039 2024 1078 2107 (ν.
1089 2025 1148 2089 367
1170 2024 1236 2108 sq.)

134 2150 232 2224 atque
256 2152 321 2207 tum
343 2143 472 2224 denique
492 2143 533 2225 (v.
546 2142 617 2221 377)
639 2149 712 2222 post
733 2142 855 2206 Orestis
872 2142 966 2206 verba
987 2141 1119 2206 adhunc
1140 2160 1174 2206 se
1194 2142 1296 2205 vertit.

134 2244 284 2327 Idemque
307 2244 344 2307 de
364 2243 527 2325 Tyndareo
550 2245 649 2307 utho
671 2242 892 2322 progrediente
912 2247 1223 2306 statuamusnecesse
1238 2248 1296 2305 est.
1386 2250 1388 2252 ’

220 2423 279 2489 Sed
304 2442 422 2506 vereor,
448 2442 487 2487 ne
515 2423 649 2488 taedium
681 2423 736 2487 tibi
775 2421 913 2501 afferam,
948 2422 1179 2505 exspectatione
1206 2421 1296 2504 plura

134 2523 255 2587 haedo
283 2542 316 2587 re
346 2523 516 2605 disputans
548 2541 643 2604 quare
670 2527 706 2586 ut
733 2523 762 2587 in
795 2540 890 2586 unum
913 2528 1036 2586 tantum
1064 2522 1164 2586 locum
1183 2522 1295 2586 ceteris

133 2623 256 2688 omissis
285 2641 401 2688 meeum
432 2624 571 2705 inquiras
599 2642 618 2687 a
646 2630 677 2687 te
706 2627 819 2703 petam.
869 2623 970 2701 Supra
996 2622 1035 2687 de
1063 2622 1295 2704 Lysistrate

134 2723 258 2787 duobus
287 2724 347 2787 iam
374 2724 449 2789 locis
476 2726 519 2805 (in
538 2743 609 2807 pag.
630 2728 719 2798 34)ὃὸ
740 2730 771 2788 et
793 2724 896 2803 tetdo)
924 2724 1107 2806 agebamus,
1137 2742 1231 2807 quam
1254 2711 1309 2786 ad'

133 2822 274 2887 fabulam
290 2842 370 2887 nunc
384 2829 578 2888 revertamur
595 2824 695 2903 liceat,
720 2830 754 2888 ut
771 2825 893 2907 saepius
910 2824 1001 2888 solito
1021 2824 1187 2887 histriones
1208 2824 1238 2885 in
1259 2840 1295 2885 ea

133 2941 193 3004 per
214 2923 349 3004 parodos
368 2924 525 3002 ingressos
536 2941 602 2987 esse
626 2923 833 3003 comprobem.
878 2923 976 2988 Huius
989 2922 1165 2987 comoediae
1182 2939 1294 2985 scaena

132 3029 207 3104 post
235 3041 357 3086 versum
388 3025 448 3087 253
480 3023 643 3106 usquead
673 3023 763 3087 finem
789 3022 915 3087 fabulae
944 3013 1054 3087 arcem
1069 3023 1260 3086 Athenarum
1272 3022 1295 3101 ¹)

135 3123 395 3202 repraesentavit,
428 3140 519 3202 quam
545 3123 689 3187 mulieres
712 3128 893 3203 occupatam
910 3128 1028 3202 tenent,
1054 3127 1091 3185 ut
1118 3121 1297 3184 maritosa

131 3221 217 3285 bello
255 3239 322 3285 cum
356 3221 605 3286 Lacedaemoniis
630 3222 765 3303 gerendo
793 3222 989 3303 prohibeant.
1032 3222 1134 3302 Supra
1163 3221 1296 3284 vidimus

134 3320 219 3404 (pag.
236 3323 290 3401 34)
321 3337 427 3384 senum
458 3320 489 3383 in
516 3321 639 3402 logeum
678 3323 825 3401 impetum
853 3321 893 3385 ab
924 3322 1054 3386 alterius
1085 3320 1169 3385 chori
1197 3320 1297 3401 partis

133 3421 317 3485 mulieribus
347 3421 471 3484 fortiter
499 3421 691 3501 repulsatum
714 3420 820 3485 fuisse.
863 3421 920 3485 His
943 3419 1091 3485 confectis
1111 3421 1210 3483 intrat
1222 3418 1295 3483 Pro-

135 3521 230 3586 bulus
265 3538 332 3584 com
363 3519 517 3584 ministris
545 3526 577 3584 et
603 3519 754 3585 militibus
782 3520 832 3599 (cf.
863 3521 984 3601 v.387),
1014 3521 1066 3601 qui
1094 3519 1296 3606 perlongum

140 3626 265 3703 tempus
287 3638 353 3684 cum
375 3620 500 3684 senibus
522 3620 706 3700 colloquitur
728 3627 824 3702 atque
846 3620 967 3684 demum
987 3620 1086 3684 vaae
1102 3634 1169 3699 sqq.
1190 3618 1293 3681 minis·

133 3727 202 3785 tros
224 3719 379 3803 appellat:

256 3818 315 3900 οὐχ
333 3819 555 3902 ῑῗποβαλόντες
576 3820 650 3894 τούς
673 3820 811 3902 μιιχλοῦς
831 3821 898 3884 ond
919 3821 978 3894 τοὶς
999 3820 1103 3894 πύλας

257 3922 414 3983 ἐντεῦθεν
444 3921 681 4003 ἐκμοχλεύσετ’;

134 4078 327 4087 -ω--η

205 4168 231 4247 1)
249 4180 375 4218 scaenam
409 4168 472 4235 post
497 4164 576 4219 illum
610 4184 715 4222 versum
741 4171 936 4224 commutatam
961 4186 1016 4225 esse
1040 4173 1112 4224 recte
1136 4169 1297 4224 statuebant

134 4248 419 4305 Schoenbornius
443 4253 559 4322 (paea)
589 4256 616 4308 eb
644 4255 865 4324 Droysenius
891 4257 1067 4325 (poosqq.)
1097 4257 1294 4334 Niejahrus

135 4335 163 4404 (l.
180 4336 199 4390 1.
219 4356 244 4405 p.
264 4337 308 4405 32)
328 4353 434 4408 semper
452 4339 522 4393 arcis
541 4345 648 4409 portam
669 4342 697 4395 in
716 4359 813 4396 scaena
831 4343 913 4397 foisse
932 4342 1039 4397 maluit.
