3225 5200
690 503 728 567 31

125 682 218 764 6661)
246 682 275 745 16
305 682 394 762 logeo
421 666 608 746 remansisse
637 681 763 746 chorum
791 683 856 763 veri
885 682 983 746 simile
1006 682 1140 761 videtur.
1189 684 1287 762 Quem

124 784 157 846 in
188 783 288 846 altera
317 782 495 862 tragoediae
531 787 622 863 parte
657 799 712 861 per
744 782 903 846 sinistram
935 783 1108 862 ingressum
1136 783 1286 865 paredum

125 884 170 961 (r.
189 882 261 962 243)
285 883 316 945 in
340 881 502 945 orchestra
523 886 629 962 partes
651 881 752 960 egisse
774 888 1017 947 consentaneum
1040 889 1099 946 est.
1172 880 1175 889 '

213 981 347 1046 Videsne
362 999 561 1063 quamsaepe
576 981 607 1043 in
622 980 765 1062 Aeschyli
785 980 900 1047 fabulis
919 983 1002 1062 (nam
1020 982 1150 1048 duarum
1164 989 1286 1049 tantum

124 1082 242 1146 desunt
264 1079 418 1161 exempla)
441 1080 554 1145 chorus
576 1080 608 1144 in
631 1098 744 1145 scaena
766 1086 909 1146 versatus
929 1081 1049 1146 fucrit?

212 1280 367 1363 Sophoclis
375 1285 399 1363 2)
423 1284 655 1365 tragoediarum
684 1303 778 1349 unum
807 1291 929 1350 tautum
953 1286 1054 1351 inveni
1077 1285 1192 1361 locum,
1219 1283 1285 1349 dico

124 1379 274 1462 Oedipi
296 1382 461 1447 Oolonei
485 1402 609 1448 versum
632 1389 708 1464 866,
739 1385 777 1449 de
803 1402 867 1466 quo
889 1385 1121 1451 Schoenbornio
1148 1385 1190 1465 (p.
1214 1387 1286 1465 278)

123 1482 284 1545 assentiar
328 1482 410 1547 chori
445 1502 535 1549 senes
571 1484 692 1564 logeum
723 1485 917 1567 ascendisse,
959 1491 995 1549 ut
1026 1485 1145 1566 Oedipo
1176 1493 1287 1549 contra
1373 1492 1375 1495 ’

125 1580 296 1645 Creontem
318 1581 465 1646 auxilium
488 1582 649 1661 16666663).
1176 1601 1182 1613 ’

210 1682 243 1745 16
280 1682 470 1763 Euripidis4)
509 1681 673 1747 Orestis
716 1682 805 1747 initio
849 1683 1054 1750 intuebantur
1096 1689 1287 1764 spectatores

123 1779 269 1844 Orestem
294 1782 495 1847 dormientem
518 1782 549 1846 in
572 1782 716 1847 lecticula
737 1783 892 1848 collocata
914 1792 988 1848 ante
1011 1784 1132 1849 domum
1156 1785 1286 1865 regiam,

123 1898 209 1961 quae
238 1880 277 1945 ad
309 1882 440 1945 mediam
473 1899 604 1947 scaenae
634 1888 757 1963 portam
787 1884 971 1963 spectabat,
1003 1890 1097 1964 atque
1130 1884 1286 1949 Electram

123 1982 216 2045 iuxta
256 1979 428 2045 lecticulam
466 1980 623 2045 sedentem
668 1980 860 2065 fratremque
902 1981 1134 2048 custodientem.
1202 1983 1286 2050 Haec

124 2081 311 2146 feminarum
339 2081 465 2159 chorum
497 2081 739 2161 ingredientium
766 2082 1064 2165 v.132admonet,
1094 2101 1133 2147 ne
1160 2084 1286 2165 propius

124 2180 279 2245 accedant
292 2199 369 2246 neve
384 2179 528 2244 Orestem
545 2198 682 2244 csomno
700 2180 845 2245 excitent.
878 2181 984 2261 Atque
1000 2200 1040 2247 ex
1053 2182 1129 2263 ipsis
1142 2181 1287 2248 Electrae

125 2280 278 2360 chorique
294 2279 395 2344 verbis
418 2280 496 2344 satis
519 2279 621 2344 elucet
643 2279 807 2344 choreutas
831 2281 891 2345 iam
914 2281 945 2344 iu
968 2282 1172 2362 ingrediendo
1188 2301 1287 2365 prope

124 2380 301 2445 lecticulam
331 2380 466 2461 versari,
498 2384 534 2443 ut
562 2379 703 2460 equidem
734 2398 795 2443 non
826 2380 981 2461 dubitem,
1010 2383 1084 2463 quin
1113 2381 1224 2448 chorus
1253 2383 1285 2447 in

124 2480 252 2560 logeum
278 2498 334 2560 per
356 2480 485 2544 dextrae
506 2496 655 2544 versurae
675 2478 793 2545 aditum
813 2497 996 2561 progressus
1005 2481 1029 2561 ⁶)
1051 2487 1123 2562 post
1140 2481 1286 2549 Electrae

125 2579 242 2645 verba:

125 2776 221 2830 omnia
245 2776 386 2845 perlucida
410 2776 494 2831 finnt:
522 2781 606 2846 atque
626 2777 783 2847 Apollinem
803 2779 840 2847 (v.
861 2779 906 2848 69)
924 2782 952 2833 66
970 2779 1284 2849 Clytaemnestraeum-

123 2864 205 2916 bram
225 2864 258 2932 (v.
276 2864 320 2932 97)
345 2864 487 2931 loquentes
511 2863 642 2917 iaciamus
663 2879 747 2935 prope
769 2869 895 2935 apertam
914 2865 1010 2935 templi
1031 2867 1153 2935 portam,
1178 2882 1212 2920 ex
1229 2882 1284 2933 qua

124 2950 292 3004 Eumenides
310 2948 339 3003 in
359 2949 469 3019 logeum
487 2951 623 3018 proruunt
642 2953 678 3020 (p.
692 2952 763 3019 143),
782 2968 850 3019 quas
868 2954 1035 3021 spectatores
1052 2952 1107 3006 iam
1125 2952 1202 3023 prius
1221 2968 1282 3006 con-

124 3036 246 3106 spexisse
264 3035 309 3090 vix
328 3036 498 3105 comprobari
515 3036 609 3107 possit.

142 3127 153 3146 ·
198 3123 224 3192 1)
242 3140 366 3178 amanam
376 3124 574 3177 commutatam
586 3122 670 3178 fuisse
685 3122 975 3178 Schoenbornius
993 3142 1018 3193 p.
1028 3125 1079 3178 213
1097 3125 1162 3178 mihi
1173 3125 1285 3195 quidem

124 3211 272 3278 persuasit,
292 3210 365 3277 quod
383 3209 583 3264 Muellerus
602 3208 754 3279 (Eumenid.
774 3229 799 3279 p.
821 3212 880 3277 106)
900 3210 1057 3281 denegavit.
1173 3211 1176 3216 “

196 3296 223 3363 2)
242 3313 276 3349 ex
293 3295 449 3351 recensione
469 3295 665 3359 Dindorfii‚
685 3295 783 3351 Oxonii
804 3296 879 3350 1849.

194 3384 221 3448 3)
241 3382 405 3437 Kolstero
429 3383 559 3452 (sophocl.
580 3383 696 3437 Studien
713 3404 739 3454 p.
759 3384 792 3437 60
804 3386 882 3454 squ),
908 3400 1026 3453 quocum
1049 3383 1079 3450 in
1104 3383 1284 3439 describenda

18 3493 19 3542 ᾗ
125 3467 208 3521 huius
226 3468 338 3523 fabulae
357 3486 455 3523 scaena
472 3470 593 3523 maxima
611 3486 643 3525 ex
663 3474 742 3539 parte
758 3470 910 3535 consentio,
934 3471 1080 3525 concedere
1099 3489 1154 3524 non
1172 3488 1282 3540 possum

18 3545 19 3602 t
124 3553 238 3608 chorum
263 3554 420 3609 aOreontis
445 3555 590 3626 ministris,
616 3555 664 3624 qui
688 3556 774 3610 scalas
799 3555 873 3626 logei
899 3556 1085 3622 obtinuerint,
1110 3557 1283 3627 prohibitum

18 3659 19 3702 1
125 3657 196 3705 esse,
224 3645 256 3694 66
279 3641 306 3695 in
332 3658 457 3697 scaenam
484 3660 512 3697 se
532 3643 682 3706 conferret,
708 3660 769 3696 cnm
793 3643 916 3697 Creontis
934 3643 1031 3698 verba:
1057 3645 1283 3710 piacularium

18 3721 19 3726 ’
126 3728 161 3794 (v.
172 3728 233 3796 866)
251 3731 280 3781 66
297 3727 404 3796 reliqua
422 3746 492 3796 quae
511 3731 546 3783 ad
562 3730 674 3783 chorum
694 3729 817 3797 loquitur
832 3733 927 3799 aperte
938 3732 1127 3785 demonstrant
1138 3730 1283 3785 choreutas

18 3805 19 3810 ’
125 3813 168 3866 illi
186 3814 332 3882 proximos,
352 3814 381 3867 in
399 3815 478 3884 logeo
498 3815 611 3881 scilicet,
630 3817 746 3871 adstare.

193 3900 220 3967 4)
239 3900 378 3971 Euripidis
398 3918 488 3955 versus
507 3919 568 3956 cum
587 3903 826 3957 Kirchhoffio
843 3921 967 3959 nurnero.

195 3988 221 4055 5)
240 3987 313 4055 quod
331 3987 421 4041 noluit
439 3988 707 4042 Schoenbornius
726 3990 880 4061 (plbOsq.)
899 3990 947 4058 qui
965 3990 1075 4045 chorum
1096 4006 1144 4058 per
1156 3989 1281 4044 dextram

126 4073 258 4141 parodum
277 4072 399 4139 induxit3
420 4075 465 4128 sed
485 4075 608 4144 neglexit
625 4075 667 4128 vir
684 4076 787 4139 doctus,
805 4093 914 4131 carmen
934 4076 1002 4129 illud
1021 4074 1094 4143 quod
1112 4074 1282 4129 sollemniter

126 4160 310 4228 ingredientes
343 4162 490 4215 choreutae
522 4164 633 4215 cantare
658 4161 747 4217 solent
780 4161 845 4215 huic
868 4161 980 4217 fabulae
1005 4162 1105 4217 deesse.
1152 4160 1281 4215 conferas

126 4247 207 4301 velim
232 4247 389 4317 argumenti
408 4246 658 4317 Aristophanis
680 4248 854 4318 grammatici
876 4249 976 4304 uerba:
1005 4291 1011 4304 .
1030 4289 1036 4302 .
1056 4290 1062 4303 .
1081 4287 1088 4301 .
1107 4249 1281 4318 aphranius]

125 4324 306 4403 Ἀγαμέμνονος
328 4338 443 4401 βασίλεια
469 4335 598 4389 ὑπόκειται
613 4335 730 4408 Ὀρέστης
751 4338 851 4398 κάμνων
874 4338 916 4387 καὶ
938 4341 1047 4397 κείμενος
1063 4334 1111 4390 tul
1129 4342 1221 4397 μανίας
1237 4339 1280 4388 ἐπὶ
