3225 5200
895 461 933 524 10

336 638 419 702 vium
449 641 573 707 secutus
600 637 683 701 inter
707 637 929 705 choreutarum.
948 637 1071 702 turbam
1094 640 1125 705 in
1149 639 1307 705 orchestra
1329 643 1491 703 versantes

336 738 391 802 tibi
413 738 522 818 finges
541 739 592 801 vix
613 738 709 802 risum
733 737 864 801 tenebis,

417 837 583 901 Videamus
609 854 708 918 nuno,
736 836 847 917 quihus
876 837 1011 901 aditibus
1033 837 1201 901 histriones
1223 837 1253 900 in
1275 836 1398 916 logeum
1420 854 1491 916 pro·

335 937 435 1016 gressi
457 936 533 1015 sint,
565 953 627 1017 qua
649 936 687 1001 de
710 955 745 1000 re
765 936 877 1000 Pollux
897 942 929 1000 et
949 937 1110 1002 Vitruvius
1133 937 1240 1001 eadem
1261 936 1325 999 fere
1349 935 1489 998 tradunt.

335 1034 527 1099 Onamastioi
548 1035 683 1100 auctoris
704 1035 799 1100 rerba
820 1036 896 1099 haee
916 1043 988 1100 sunt
1010 1037 1058 1118 (V,
1081 1041 1137 1100 124
1154 1038 1229 1118 sq.):
1252 1038 1347 1116 τριῶν
1368 1035 1405 1096 δὲ
1427 1038 1492 1097 τῶν

333 1134 418 1197 κοντοὶ
446 1135 505 1216 την
534 1134 656 1217 σκηνήν
684 1137 797 1216 θυρῶν
825 1134 846 1218 ἦ
872 1143 956 1218 μέση
977 1141 1039 1217 μὲν
1058 1136 1225 1218 βασίλειον
1246 1131 1267 1218 ἢ
1287 1134 1449 1221 σπήλαιον
1470 1130 1493 1219 ἢ

334 1225 419 1308 οἶκος
445 1234 575 1310 ἔνδοξος
602 1232 625 1318 ἢ
653 1238 724 1297 πᾶν
751 1237 810 1297 τοῦ
830 1239 1103 1316 πρωταγωνιστοῦ
1123 1239 1181 1297 τοῦ
1202 1233 1383 1316 δράματος,
1413 1234 1433 1317 ἡ
1453 1236 1491 1298 δὲ

333 1335 426 1410 δεξιοί
451 1337 511 1398 τοῦ
538 1336 903 1416 δεντεραγωνιστοῦντος
930 1334 1134 1416 καταγώγιον.
1176 1335 1256 1417 ἡδὲ
1276 1336 1432 1417 α’ριστερᾶ
1453 1335 1491 1398 ab

334 1434 565 1499 εὐτελέστατον
595 1436 660 1515 ἔχει
688 1432 869 1517 προίσοπον
897 1432 919 1520 η’
946 1434 1033 1517 ἱερὸν
1060 1436 1314 1518 ἐξηρημωμένον,
1343 1432 1491 1518 η’ἄοικός
1594 1510 1595 1517 ¹

333 1535 430 1599 ἐστιν.
477 1536 513 1598 ἐν
535 1535 573 1600 δὲ
593 1534 757 1618 τραγτοδίᾳ
777 1534 797 1619 ἡ
817 1538 879 1616 μὲν
900 1534 992 1610 δεξιοὶ
1014 1531 1105 1615 θύρα
1128 1537 1229 1609 servate
1249 1535 1355 1613 ἐστιν,
1384 1534 1491 1618 eierat)

334 1635 371 1696 δὲ
390 1633 411 1718 ἦ
432 1634 508 1697 daed
540 1640 572 1699 et
598 1634 690 1715 paulo
717 1640 789 1714 post
818 1633 868 1716 (V,
890 1634 978 1716 126):
1010 1635 1087 1716 παρ’
1110 1633 1246 1714 ἑκατέρα
1272 1635 1310 1696 δὲ
1339 1636 1404 1696 τοῖν
1431 1632 1491 1697 δύο
1594 1716 1595 1721 ¹

333 1736 447 1815 θοροῖν
466 1736 531 1796 τῶν
548 1735 624 1817 περὶ
645 1733 706 1821 την
723 1741 828 1816 μέσην
847 1729 944 1797 ἄλλαι
963 1734 1023 1796 δύο
1038 1726 1104 1796 εἶεν
1124 1731 1177 1812 oie,
1197 1738 1258 1814 μία
1277 1732 1490 1815 ἑκατέρωθεν,

333 1833 415 1914 πρὸς
448 1831 487 1908 ἃς
521 1833 558 1896 αἱ
587 1839 754 1916 περίακτον
784 1834 1060 1917 σνμπεπήγασιν,
1096 1831 1116 1919 ἡ
1148 1837 1211 1912 μὲν
1239 1831 1332 1907 δεξιοί
1360 1833 1402 1894 τοί
1429 1835 1490 1907 ἔξω
1594 1840 1595 1851 ³

334 1931 460 2007 πόλεως
481 1933 641 2015 δηλοῦσα,
669 1933 690 2009 ἡ
717 1934 755 1996 δέ
782 1933 876 2015 ἑτέρα
903 1935 946 1998 τοὶ
976 1933 1020 2006 εἰς
1047 1932 1173 2006 πόλεως
1180 1981 1189 2011 ,
1217 1931 1362 2013 μάλιστα
1390 1933 1432 1994 τοί
1456 1933 1491 1995 ἐκ
1594 1954 1595 2015 j

333 2033 467 2115 λιμένος.
522 2034 576 2095 καὶ
609 2033 709 2107 θεούς
742 2056 779 2095 τε
814 2036 1012 2107 θαλαττίους
1048 2031 1177 2112 ἐπάγει,
1211 2033 1265 2094 καὶ
1293 2031 1400 2094 πάνθ’
1425 2028 1490 2095 ὅσα

334 2134 567 2215 ἐπαχθέστερον
588 2126 668 2196 ὄντα
690 2133 710 2216 ἦ
730 2135 860 2219 μηχανη
880 2142 990 2215 φέρειν
1011 2133 1177 2196 ἀδυνατεῖ.

415 2231 574 2297 Vitruvius
603 2232 678 2296 haee
707 2233 799 2297 habet
825 2233 877 2314 (V.
900 2239 927 2313 7,
945 2232 995 2315 8);
1023 2236 1113 2312 ipsae
1138 2237 1242 2296 autem
1268 2250 1385 2295 saeaae
1411 2248 1489 2294 suas

333 2330 445 2396 babeat
472 2333 611 2396 rationes
640 2331 816 2416 explicatas
841 2335 889 2397 ito
914 2339 950 2398 ut
969 2334 1092 2398 mediae
1111 2331 1221 2395 oaiooe
1242 2336 1374 2394 oraatas
1396 2332 1490 2394 aeriae

334 2432 455 2512 reniae,
484 2431 598 2496 dextra
627 2454 664 2496 οο
687 2433 821 2496 sinistra
842 2433 1034 2514 hospitalia,
1064 2430 1236 2496 secandam
1258 2437 1360 2494 uatem
1382 2431 1489 2512 spatia

334 2529 378 2594 od
406 2537 538 2595 ornatas
567 2541 748 2617 comparata
776 2554 857 2615 qaae
881 2534 950 2598 toea
973 2531 1090 2596 Graeci
1111 2551 1300 2611 περιακτοος
1321 2530 1429 2593 dicaret
1451 2529 1489 2594 ab
1593 2592 1594 2614 ,

334 2652 376 2707 eo,
399 2631 483 2712 queri
503 2631 667 2696 machinae
688 2639 762 2696 serat
784 2634 820 2696 ia
840 2633 891 2696 bis
912 2634 990 2698 loeis
1011 2632 1175 2697 versatiles
1190 2634 1328 2713 triqoaoe
1343 2632 1489 2695 babentes
1593 2703 1594 2725 η

333 2731 478 2814 είοροίοε
510 2738 573 2797 tres
606 2734 722 2815 speeies
756 2733 954 2810 ornationis,
992 2753 1073 2813 qaae
1108 2752 1178 2796 rara
1214 2739 1271 2795 aat
1304 2731 1490 2813 fabularum
1593 2739 1594 2752 ¹

333 2833 523 2895 mutationes
551 2839 627 2896 saort
655 2830 785 2911 saturae
811 2853 867 2895 serr
895 2833 1025 2898 deornm
1049 2833 1201 2897 adventas
1229 2852 1298 2894 eam
1320 2829 1489 2895 tonitribus

332 2930 524 3013 repentinis,
553 2940 717 2996 versentur
744 2938 922 3013 mutentque
948 2934 1080 3012 speclea
1111 2931 1287 2997 ornationis
1313 2933 1348 2994 ia
1372 2931 1488 3012 froate.
1592 2967 1593 2974 ι

332 3030 500 3095 secandam
530 3051 567 3095 ea
595 3031 664 3095 toea
691 3051 843 3096 versurae
869 3039 943 3094 sant
966 3038 1203 3112 proearreateS,
1241 3052 1320 3116 qreae
1348 3030 1488 3112 efficiant

332 3150 399 3193 aaa
419 3150 440 3193 a
459 3129 540 3211 foro,
562 3132 666 3196 altera
687 3153 709 3196 a
724 3145 857 3213 ρατιονε
879 3132 988 3195 aditos
1009 3132 1045 3194 ia
1065 3151 1212 3196 scaenam
1223 3130 1255 3211 ¹).

415 3234 531 3311 Quibus
568 3255 606 3300 ex
639 3237 742 3302 verbis
781 3238 858 3301 satis
889 3236 988 3301 eluoet
1022 3238 1052 3299 iu
1087 3254 1217 3300 scaenae
1253 3235 1353 3298 fronte
1385 3232 1488 3296 mobili

333 3333 435 3397 liuteis
463 3334 615 3415 lignisque
641 3341 817 3415 exstructo,
848 3354 941 3417 quam
963 3340 1120 3399 nostrates
1143 3333 1485 3399 ›Decoraaoaswaam
1591 3367 1592 3374 ν

334 3440 462 3515 vocant,
485 3441 548 3498 tres
571 3435 727 3499 exstitisse
750 3435 910 3518 portas2),
932 3454 970 3499 ex
990 3435 1105 3517 quibus
1126 3434 1292 3497 histriones
1312 3432 1343 3495 in
1366 3432 1488 3512 logeum

402 3673 427 3738 1)
446 3672 520 3727 haud
536 3672 720 3742 ignoro'haeo
738 3675 772 3729 de
789 3675 975 3731 Romanorum
994 3659 1204 3730 theatrisdieta
1222 3691 1293 3742 esse;
1312 3691 1382 3742 quae
1395 3676 1488 3728 tamen

333 3760 417 3814 etiam
434 3758 643 3813 adGraeaorum
662 3777 787 3816 scaenam
806 3763 926 3818 maxima
944 3782 976 3818 ex
996 3766 1075 3832 parte
1094 3762 1230 3830 quadrare
1248 3778 1280 3815 eo
1300 3761 1397 3822 eluoet,
1415 3762 1488 3827 quod

334 3846 476 3899 Vitruvius
495 3845 552 3899 alia
574 3845 684 3913 quidem
704 3847 803 3914 quibus
822 3849 890 3904 haee
907 3850 943 3904 ab
960 3851 1010 3903 illa
1028 3848 1199 3903 aberraverit
1216 3850 1339 3913 enarrat,
1364 3846 1397 3899 de
1415 3863 1488 3899 seae-

333 3949 385 3987 σεο
403 3948 467 3986 vero
484 3930 605 3985 aditibus
624 3931 696 3985 nihil
714 3934 778 3987 novi
796 3935 910 4005 profert.

401 4017 427 4087 2)
455 4034 517 4070 orum
541 4018 644 4072 multae
671 4019 845 4075 theatrorum
870 4022 1017 4089 reliquiae,
1048 4019 1121 4073 inter
1146 4036 1214 4086 quas
1239 4017 1343 4072 theatri
1368 4017 1488 4087 Aspendi

332 4102 514 4172 Pamphyliae
526 4104 637 4158 detecta
653 4123 759 4170 scaeua,
778 4107 899 4176 quinque
917 4108 1102 4162 demonstrent
1121 4108 1215 4174 portas
1233 4105 1261 4158 in
1280 4104 1358 4157 firma
1377 4119 1489 4157 scaenae

333 4189 422 4242 fronto
442 4189 580 4260 lapidibus
602 4194 757 4256 exstructa,
782 4197 847 4247 ante
866 4212 950 4262 quam
968 4191 1070 4246 fabulis
1087 4190 1201 4260 agendis
1219 4190 1329 4244 mobilis
1346 4190 1397 4244 illa
1414 4189 1488 4242 frons

333 4274 499 4344 ponebatur,
524 4275 818 4333 Schoenbornius
842 4280 871 4346 (l.
891 4279 908 4335 l.
928 4299 954 4350 p.
974 4282 1006 4334 16
1015 4298 1068 4347 sq.‚
1096 4279 1129 4333 66
1140 4278 1209 4348 sqq.)
1231 4275 1382 4338 ‚contendit
1407 4279 1435 4329 et
1458 4273 1487 4327 in
