3225 5200
688 488 728 552 45

113 671 198 736 Tum
220 688 327 735 omnes
348 673 420 750 post
434 668 513 732 arcis
535 672 657 748 portam
680 686 715 731 se
729 668 867 747 recipere
881 666 968 731 iubet
976 666 1160 749 Lysistratc‚
1182 686 1278 751 prope

112 789 212 851 quam
235 771 286 834 ille
310 771 432 833 demum
454 767 554 832 naci
576 769 718 849 peruenit
738 787 800 849 quo
822 786 892 831 enm
914 768 967 831 illa
985 770 1141 854 appeltam,
1224 784 1230 797 ¹

241 874 289 942 είς
310 856 402 942 οὗτος
420 868 532 940 οῦιπύς
549 870 613 935 τῶν
633 867 786 949 φυλάκων
809 866 922 942 ἑστώςς

113 970 225 1051 Atque
242 968 300 1033 hac
323 970 351 1032 in
374 968 478 1033 fabula
500 969 603 1049 plures
626 968 719 1032 solito
741 969 907 1033 histriones
930 987 987 1049 per
1008 970 1199 1035 orchestram
1219 974 1278 1037 iter

113 1068 229 1135 fecisse
251 1070 332 1133 inira
354 1070 530 1133 accuratius
551 1068 846 1133 demonstrabimus.
1258 1131 1260 1135 .

204 1169 263 1233 Sed
295 1176 489 1233 transeamus
525 1169 565 1231 ad
601 1169 671 1233 alia.
714 1169 798 1234 Satis
833 1173 939 1232 notum
968 1174 1017 1233 est
1041 1172 1219 1252 saepissime
1246 1174 1277 1236 in

114 1268 233 1333 fabulis
252 1288 270 1333 a
288 1269 381 1334 choro
399 1270 575 1350 ingressum
595 1287 795 1349 personarum
806 1270 1000 1351 pronuntiari
1016 1275 1048 1334 et
1066 1271 1279 1352 histrionibus,

115 1371 171 1450 qui
207 1370 326 1451 logeum
358 1369 508 1448 obtinent,
539 1369 676 1434 indicari.
719 1369 825 1450 Unde,
855 1387 922 1434 cum
951 1369 981 1433 id
1012 1371 1175 1450 permultis
1204 1371 1278 1436 locis

115 1469 310 1557 sollemniter
332 1469 398 1551 fiat,
421 1468 497 1533 nihil
519 1471 558 1534 de
581 1470 631 1533 via
652 1457 715 1550 qua
736 1469 779 1533 illi
801 1470 933 1551 ingressi
949 1454 1014 1533 siut
1034 1469 1277 1535 concludendum

116 1585 189 1632 esse
211 1568 355 1649 equidem
377 1586 438 1631 non
462 1585 551 1648 nego.
594 1568 741 1632 Attamen
760 1567 819 1631 loci
844 1585 904 1631 non
928 1568 1041 1631 desunt
1060 1569 1171 1649 quibus
1193 1571 1280 1650 ipsae

115 1665 245 1730 fabulae
266 1665 426 1747 postulare
447 1665 608 1745 videntur,
634 1666 692 1729 hoc
713 1665 798 1730 chori
821 1683 881 1729 usu
906 1663 1074 1729 histriones
1094 1684 1150 1746 per
1171 1667 1279 1731 orche-

117 1771 219 1828 stram
247 1766 307 1828 iter
333 1764 443 1828 fecisse
464 1762 642 1845 significari.
683 1767 783 1843 Atque
813 1762 843 1826 iu
872 1764 1036 1843 propatulo
1066 1770 1115 1828 est
1143 1782 1197 1829 eos
1227 1764 1278 1845 qui

117 1863 331 1943 ingredientes
360 1883 380 1928 a
406 1864 561 1928 choreutis
590 1863 696 1928 multis
724 1863 827 1927 verbis
853 1863 1033 1928 salutantur
1054 1864 1084 1927 in
1106 1864 1173 1944 ipso
1195 1865 1278 1928 chori

28 1954 30 2037 ξ
118 1970 394 2046 spectatorumque
422 1971 591 2045 conspectu
620 1966 856 2045 progredientes
876 1965 1067 2044 apparuisse,
1090 1982 1162 2028 nam
1181 1964 1278 2045 inepti

28 2116 29 2121 ,
116 2065 300 2129 viderentur
321 2063 366 2128 illi
384 2063 546 2128 absentem
565 2063 699 2128 allocuti.
743 2064 811 2142 Qun
833 2064 957 2144 saepius
978 2064 1106 2141 accedit,
1128 2072 1162 2128 ut
1184 2065 1203 2127 ii
1223 2066 1277 2148 qui

115 2164 146 2226 in
171 2181 282 2227 scaena
305 2173 469 2227 versantur
488 2162 586 2229 multo
610 2168 832 2245 posteaquam
861 2162 972 2227 chorus
999 2180 1052 2226 eos
1080 2164 1134 2246 qui
1156 2164 1278 2227 intrant

115 2262 318 2342 conspiciant,
341 2266 373 2326 et
392 2260 422 2324 hi
445 2261 475 2325 in
484 2261 685 2341 ingrediendo
699 2264 798 2342 prima
810 2262 906 2327 verba
927 2264 968 2327 ad
988 2262 1116 2327 chorum
1140 2262 1278 2341 dirigant

116 2367 213 2441 atque
241 2360 333 2441 plane
361 2361 539 2441 neglegant,
571 2378 649 2443 quae
677 2361 707 2424 in
730 2379 843 2426 scaena
864 2368 1022 2442 gerantur.
1065 2361 1155 2425 Hanc
1177 2381 1277 2427 meam

117 2463 307 2526 sententiam
336 2463 468 2542 primum
501 2460 624 2541 quidem
649 2460 859 2526 Persarum
889 2461 1021 2543 quodam
1052 2463 1119 2528 loco
1141 2461 1275 2527 lulciam.

118 2562 237 2629 Chorus
259 2562 409 2646 conspicit
426 2562 566 2627 nuntium
587 2579 616 2627 u.
635 2562 694 2627 246
715 2562 898 2628 intrantem:

239 2664 337 2727 τοῦδε
355 2664 415 2746 γάρ
438 2660 595 2744 δράμημα
618 2663 723 2745 perede
743 2663 907 2745 Περσικόν
928 2672 1049 2743 πρέπει
1069 2665 1195 2741 μαθεῖν

232 2765 293 2846 ,καὶ
311 2773 401 2847 φέρει
422 2772 526 2845 σαφές
543 2786 574 2825 τι
596 2766 717 2843 πρᾶγος
738 2764 863 2827 ἐσθλὸν
884 2761 906 2847 ἢ
925 2764 1025 2827 κακόν
1046 2761 1162 2840 κλύειν,

119 2868 151 2927 et
180 2862 228 2927 hic
250 2880 374 2927 versum
393 2863 453 2926 248
484 2867 515 2925 et
540 2867 706 2942 sequentes
735 2863 776 2926 ad
806 2863 931 2926 chorum
953 2861 1099 2943 loquitur,
1121 2860 1275 2943 quem'de

118 2962 230 3027 Xerxis
251 2981 270 3026 a
293 2962 421 3027 Graecis
451 2966 579 3040 accepta
608 2961 696 3025 clade
717 2963 880 3026 certiorem
903 2961 978 3026 lacit
999 2978 1099 3042 neque
1119 2960 1160 3024 ad
1180 2961 1275 3025 Atos·

119 3078 183 3123 sam
204 3060 353 3141 reginam,
375 3060 507 3144 quaein
531 3078 643 3124 scaena
665 3067 740 3143 stat,
755 3067 829 3125 aute
850 3079 973 3126 versum
990 3066 1049 3127 294
1070 3079 1103 3125 se
1126 3062 1277 3125 convertit

119 3175 179 3237 quo
200 3159 404 3237 interroganti
422 3158 449 3222 ei
472 3158 658 3239 respondet:

243 3258 363 3342 Ξέρξης
379 3263 441 3340 μὲν
461 3258 557 3332 αὐτὸς
577 3263 612 3342 ζῇ
632 3282 667 3322 τε
688 3261 742 3322 καὶ
764 3260 878 3341 βλέπει
899 3257 990 3341 φάος.

38 3423 39 3448 ,
121 3356 205 3434 Quod
224 3360 249 3424 si
271 3359 377 3422 statim
400 3361 431 3421 in
454 3359 541 3438 logeo
562 3361 689 3424 nuntius
706 3360 915 3440 apparuisset,
937 3356 1022 3423 haud
1040 3355 1132 3420 dubie
1143 3354 1276 3435 primum

38 3459 39 3470 ¹
120 3458 255 3537 reginam
274 3457 425 3523 allocutus
447 3460 571 3537 essot1).

198 3557 234 3619 In
260 3555 419 3635 Sophoclis
447 3556 635 3621 Electrae
665 3577 691 3619 v.
708 3560 785 3621 4428
814 3555 925 3620 chorus
956 3554 1141 3636 pronuntiat
1168 3552 1276 3631 Aegis·

123 3651 204 3717 thum
230 3673 298 3719 sese
328 3656 500 3736 admovere,
529 3674 620 3737 quem
649 3657 684 3719 ἐκ
711 3660 893 3736 προαστίου
921 3654 1067 3718 advenire
1081 3652 1183 3734 paullo
1206 3655 1276 3731 post

123 3749 242 3818 Electra
256 3753 400 3818 affirmat.
443 3754 512 3831 Quo
533 3754 569 3818 lit
591 3762 625 3820 ut
641 3754 768 3819 Orestes
782 3754 974 3835 Pyladesque
986 3754 1095 3816 timore
1108 3751 1275 3832 perterriti,

123 3867 157 3912 ne
178 3852 228 3917 ille
257 3860 330 3917 ante
359 3859 482 3934 tempus
508 3853 546 3918 de
569 3853 836 3936 Clytaemnestram
861 3852 955 3917 caedo
977 3852 1090 3916 certior
1109 3850 1208 3915 factus
1231 3850 1274 3912 ef·

123 3946 228 4033 fugiat,
256 3954 286 4016 in
309 3953 439 4017 vinsidiis
462 3954 619 4018 subsidere
645 3955 800 4019 studeant.
844 3955 947 4034 Atque
970 3952 1053 4033 quod
1076 3950 1185 4014 volunt
1204 3968 1274 4030 per·

123 4046 231 4130 ficiunt,
261 4053 427 4132 antequam
462 4055 629 4135 Aegisthus
656 4073 684 4118 v.
706 4056 784 4119 1442
808 4053 847 4118 de
867 4054 904 4117 iis
926 4054 1110 4118 sciscitatur.
1153 4050 1213 4115 Sed
1235 4068 1273 4113 ne

124 4172 308 4186 5¹——

189 4234 214 4302 1)
241 4235 313 4289 idem
340 4236 447 4305 placuit
471 4237 667 4308 Geppertio
691 4237 710 4290 l.
728 4237 747 4292 l.
771 4258 797 4307 p.
814 4237 856 4300 21,
880 4254 961 4303 quem
983 4233 1272 4290 Schoenbornius

127 4319 158 4386 (p.
170 4321 253 4392 77178)
270 4323 337 4377 satis
355 4325 519 4394 redarguere
536 4342 591 4380 non
609 4324 727 4380 valebat.
